1975 3306
255 188 309 226 44
834 187 1238 229 TERTVLLIANI

255 303 738 359 instrumentorumque
786 296 1086 345 communium
1134 304 1203 345 uel
1252 318 1305 345 ex
1352 303 1491 345 isdem
1538 304 1726 345 uasculis
1775 309 1820 345 et

255 381 560 423 instrumentis
614 383 738 437 quasi
791 383 934 423 fatum
988 382 1314 423 consecratione
1367 387 1592 423 mutantes
1643 381 1819 423 licentia

257 460 364 501 artis
402 460 755 515 transfigurante,
796 466 839 501 et
876 460 1052 515 quidem
1092 460 1527 502 contumeliosissime
1565 466 1609 502 et
1643 461 1688 501 in
1724 460 1819 515 ipso

258 553 386 593 opere
409 540 625 595 sacrilege,
652 545 703 581 ut
725 554 875 580 reuera
899 539 1025 581 nobis
1048 540 1251 589 maxime,
1278 539 1352 594 qui
1376 544 1556 594 propter
1576 539 1694 594 ipsos
1717 538 1820 580 deos

257 617 501 670 plectimur,
534 618 740 659 solatium
771 632 1013 672 poenarum
1043 632 1134 658 esse
1164 618 1302 672 possit
1332 618 1451 673 quod
1481 618 1634 659 eadem
1665 623 1709 658 et
1737 617 1820 672 ipsi
1839 631 1860 663 5

257 695 490 750 patiuntur
509 701 560 737 ut
580 696 703 738 fiant.
765 696 975 738 Crucibus
996 702 1040 738 et
1059 696 1285 751 stipitibus
1304 697 1516 751 inponitis
1536 697 1818 738 Christianos.

259 772 387 822 Quod
421 773 703 814 simulacrum
737 789 825 815 non
860 775 980 829 prius
1013 775 1163 830 argilla
1199 774 1418 815 deformat
1453 775 1568 816 cruci
1603 780 1647 816 et
1680 773 1821 829 stipiti
1877 812 1879 814 .

257 853 586 905 superstructa?
630 852 675 893 in
700 853 900 907 patibulo
926 853 1117 907 primum
1143 867 1299 907 corpus
1324 853 1393 894 dei
1417 854 1553 894 uestri
1578 853 1818 894 dedicatur.

259 929 444 985 Ungulis
483 931 694 972 deraditis
730 931 870 973 latera
908 931 1269 972 Christianorum.
1330 931 1391 972 At
1428 932 1471 972 in
1511 931 1615 972 deos
1653 936 1823 972 uestros

260 1023 336 1063 per
368 1009 514 1050 omnia
547 1011 744 1052 membra
775 1010 964 1052 ualidius
995 1010 1260 1052 incumbunt
1291 1011 1433 1052 asciae
1465 1016 1509 1053 et
1539 1011 1747 1052 runcinae
1779 1014 1823 1050 et
1845 1029 1888 1051 10

258 1086 476 1129 scobinae.
538 1088 736 1129 Ceruices
767 1082 983 1143 ponimus.
1045 1088 1161 1130 Ante
1192 1088 1423 1143 plumbum
1455 1094 1499 1129 et
1529 1088 1748 1144 glutinum
1780 1093 1824 1129 et

257 1166 472 1220 gomphos
503 1166 594 1207 sine
627 1167 770 1221 capite
794 1153 907 1208 ’sunt
938 1167 1007 1208 dei
1039 1167 1186 1208 uestri.
1249 1167 1318 1208 Ad
1353 1167 1512 1209 bestias
1543 1166 1820 1222 impellimur.

259 1242 386 1284 Certe
422 1258 532 1298 quas
568 1244 723 1285 Libero
761 1250 805 1286 et
840 1245 1000 1299 Cybele
1036 1250 1080 1286 et
1116 1245 1300 1287 Caelesti
1336 1245 1580 1301 applicatis,
1642 1244 1824 1300 Ignibus

261 1321 440 1363 urimur.
502 1322 599 1363 Hoc
647 1328 691 1364 et
735 1323 796 1364 illi
843 1338 867 1364 a
914 1323 1055 1378 prima
1102 1323 1280 1378 quidem
1327 1339 1484 1366 massa.
1546 1324 1597 1365 In
1646 1322 1823 1364 metalla

259 1399 536 1441 damnamur.
599 1400 708 1441 Inde
738 1407 970 1442 censentur
998 1401 1066 1442 dei
1096 1402 1243 1443 uestri.
1306 1402 1358 1443 In
1387 1402 1538 1443 insulis
1567 1402 1821 1457 relegamur.
1846 1420 1888 1452 15

262 1477 383 1518 Solet
405 1483 449 1519 et
470 1478 515 1518 in
537 1478 679 1519 insula
702 1479 836 1533 aliqui
859 1479 966 1520 deus
988 1485 1133 1520 uester
1154 1485 1234 1521 aut
1254 1480 1374 1521 nasci
1397 1485 1476 1521 aut
1498 1480 1620 1520 mori.
1683 1479 1726 1520 Si
1749 1493 1825 1533 per

263 1555 369 1595 haec
391 1561 567 1597 constat
587 1556 797 1598 diuinitas
818 1557 977 1612 aliqua,
1002 1572 1101 1613 ergo
1123 1558 1197 1613 qui
1218 1558 1476 1613 puniuntur,
1500 1562 1822 1606 consecrantur,

262 1638 307 1674 et
340 1634 522 1675 numina
557 1640 685 1675 erunt
719 1635 904 1676 dicenda
937 1636 1164 1690 supplicia.
1226 1636 1310 1677 Sed
1344 1636 1472 1691 plane
1506 1651 1594 1677 non
1628 1636 1826 1677 sentiunt

264 1711 342 1753 has
370 1712 549 1754 iniurias
580 1718 624 1754 et
654 1714 942 1755 contumelias
971 1714 1271 1755 fabricationis
1301 1729 1405 1755 suae
1434 1714 1503 1755 dei
1532 1714 1680 1763 uestri,
1712 1713 1827 1754 sicut

262 1804 341 1830 nec
370 1790 593 1846 obsequia.
657 1791 692 1832 O
721 1792 882 1847 impiae
911 1807 1053 1842 uoces,
1085 1807 1109 1833 o
1139 1791 1346 1848 sacrilega
1376 1792 1594 1833 conuicia!
1656 1791 1824 1832 Infren-
1846 1811 1892 1833 20

261 1867 366 1917 dite,
394 1868 667 1922 inspumate!
729 1869 855 1910 Idem
881 1869 984 1910 estis
1009 1870 1083 1924 qui
1109 1869 1318 1911 Senecam
1343 1869 1534 1924 aliquem
1559 1868 1757 1924 pluribus
1783 1873 1826 1909 et

263 1945 552 1986 amarioribus
578 1946 631 1986 de
657 1952 806 1987 uestra
831 1947 1141 2001 superstitione
1167 1952 1445 2002 perorantem
1472 1946 1824 2001 reprehendistis.

262 2021 404 2077 Igitur
450 2023 485 2064 si
532 2028 705 2064 statuas
753 2029 796 2065 et
842 2021 1053 2079 imagines
1099 2024 1278 2080 frigidas
1325 2029 1600 2065 mortuorum
1647 2037 1825 2064 suorum

261 2103 504 2145 simillimas
546 2120 633 2145 non
675 2105 923 2155 adoramus,
968 2121 1077 2160 quas
1120 2106 1241 2147 milui
1284 2111 1328 2147 et
1369 2120 1513 2147 mures
1555 2110 1599 2146 et
1640 2119 1825 2146 araneae

263 2185 536 2240 intellegunt.
582 2201 726 2227 nonne
768 2187 944 2228 laudem
988 2188 1125 2242 magis
1168 2202 1301 2242 quam
1345 2202 1532 2242 poenam
1576 2187 1826 2227 merebatur
1846 2206 1889 2237 25

263 2266 495 2320 repudium
528 2268 665 2323 agniti
703 2268 883 2310 erroris?
947 2269 1184 2310 Possumus
1221 2269 1336 2310 enim
1373 2269 1511 2310 uideri
1546 2268 1716 2309 laedere
1753 2282 1824 2308 eos

265 2361 375 2400 quos
407 2347 513 2388 certi
545 2362 696 2389 sumus
727 2349 905 2390 omnino
937 2364 1025 2390 non
1058 2351 1175 2391 esse?
1240 2349 1367 2399 Quod
1398 2363 1485 2390 non
1518 2353 1595 2398 est,
1630 2347 1736 2388 nihil
1768 2347 1823 2388 ab

266 2427 352 2467 ullo
384 2428 565 2481 patitur,
600 2430 702 2483 quia
734 2444 820 2471 non
853 2435 931 2471 est.

351 2558 423 2601 13.
486 2558 570 2599 Sed
601 2559 726 2601 nobis
756 2560 824 2601 dei
855 2565 971 2610 sunt,
1003 2561 1161 2615 inquis.
1223 2561 1283 2602 Et
1313 2560 1534 2615 quomodo
1564 2574 1644 2601 uos
1673 2574 1695 2600 e
1725 2574 1823 2601 con-

266 2640 400 2679 trario
430 2640 551 2694 impii
583 2646 626 2681 et
655 2642 849 2697 sacrilegi
880 2647 924 2682 et
952 2642 1183 2697 inreligiosi
1215 2656 1315 2696 erga
1344 2641 1447 2682 deos
1477 2646 1645 2681 uestros
1675 2640 1822 2695 deprc-
1845 2658 1891 2689 30

268 2719 519 2769 hendimini,
550 2721 636 2775 qui,
667 2736 776 2775 quos
804 2722 1081 2776 praesumitis
1108 2736 1211 2771 esse,
1240 2721 1478 2777 neglegitis,
1509 2736 1617 2776 quos
1644 2721 1822 2771 timetis,

264 2799 503 2849 destruitis,
545 2815 653 2854 quos
692 2802 825 2842 etiam
864 2802 1111 2852 uindicatis,
1150 2801 1374 2843 inluditis2
1438 2801 1752 2856 Recognoscite
1790 2803 1823 2843 si

266 2880 466 2921 mentior.
529 2880 673 2921 Primo
712 2882 902 2935 quidem,
943 2897 1041 2923 cum
1079 2883 1148 2923 alii
1189 2882 1295 2923 alios
1332 2882 1485 2932 colitis,
1525 2882 1678 2937 utique
1715 2897 1825 2937 quos
