1975 3306
544 924 1035 973 TERTVLLIANI
1083 924 1620 974 APOLOGETICVS

381 1068 423 1109 1.
484 1067 527 1110 Si
553 1083 642 1109 non
668 1068 771 1109 licet
796 1067 935 1117 uobis,
961 1068 1151 1108 Romani
1178 1068 1348 1123 imperii
1376 1068 1612 1118 antistites,
1639 1068 1684 1109 in
1711 1072 1864 1123 aperto

297 1152 341 1188 et
373 1147 504 1196 edito,
538 1147 578 1187 in
613 1147 708 1201 ipso
741 1146 828 1187 fere
860 1147 1024 1187 uertice
1056 1146 1251 1188 ciuitatis
1283 1146 1635 1201 praesidentibus
1666 1145 1723 1187 ad
1753 1146 1863 1188 iudi-

297 1225 488 1266 candum
511 1225 658 1280 palam
681 1225 891 1279 dispicere
914 1230 958 1266 et
981 1240 1127 1266 coram
1150 1225 1401 1265 examinare
1424 1224 1530 1279 quid
1552 1225 1610 1265 sit
1630 1224 1797 1279 liquido
1818 1225 1863 1266 in

297 1317 428 1345 causa
472 1303 832 1353 Christianorum,
877 1303 912 1344 si
955 1303 1012 1343 ad
1055 1303 1168 1343 hanc
1210 1302 1348 1344 solam
1391 1302 1579 1357 speciem
1622 1302 1864 1343 auctoritas

298 1387 444 1423 uestra
469 1382 523 1423 de
547 1382 742 1423 iustitiae
767 1381 992 1437 diligentia
1017 1382 1061 1422 in
1087 1381 1262 1436 publico
1287 1386 1367 1422 aut
1391 1381 1520 1422 timet
1544 1386 1623 1422 aut
1648 1379 1864 1422 erubescit
1884 1391 1904 1421 5

294 1460 524 1515 inquirere,
553 1460 588 1501 si
615 1460 816 1514 denique,
846 1460 965 1515 quod
991 1460 1189 1515 proxime
1215 1459 1388 1509 accidit,
1417 1459 1668 1500 domesticis
1693 1458 1864 1500 iudiciis

296 1539 425 1579 nimis
451 1544 632 1593 operata
658 1538 883 1580 infestatio
910 1544 1055 1580 sectae
1080 1538 1209 1579 huius
1234 1538 1427 1579 obstruit
1451 1537 1706 1587 defensioni,
1734 1537 1864 1579 liceat

295 1620 475 1660 ueritati
504 1620 573 1660 uel
603 1619 775 1660 occulta
805 1620 878 1660 uia
908 1619 1145 1660 tacitarum
1174 1619 1423 1660 litterarum
1453 1618 1510 1659 ad
1539 1632 1665 1659 aures
1693 1623 1864 1659 uestras

296 1700 536 1755 peruenire.
598 1699 717 1740 Nihil
751 1699 804 1740 de
839 1714 970 1740 causa
1004 1714 1082 1740 sua
1117 1699 1389 1753 deprecatur,
1427 1699 1529 1753 quia
1563 1713 1641 1739 nec
1675 1698 1728 1739 de
1763 1713 1861 1739 con-

291 1778 464 1819 dicione
508 1778 706 1819 miratur.
769 1777 860 1819 Scit
904 1792 947 1818 se
992 1777 1264 1832 peregrinam
1307 1777 1352 1817 in
1396 1776 1521 1817 terris
1564 1790 1702 1831 agere,
1748 1776 1863 1817 inter

294 1864 526 1900 extraneos
576 1858 701 1899 facile
750 1858 949 1899 inimicos
997 1857 1205 1907 inuenire,
1257 1862 1451 1898 ceterum
1500 1871 1648 1912 genus,
1699 1857 1860 1907 sedem,

296 1952 431 1992 spem,
479 1936 681 1992 gratiam,
729 1936 992 1991 dignitatem
1036 1936 1081 1977 in
1127 1935 1256 1976 caelis
1301 1935 1474 1977 habere.
1535 1935 1685 1976 Unum
1731 1936 1864 1990 gestit

295 2017 532 2065 interdum,
562 2030 616 2056 ne
643 2016 845 2071 ignorata
874 2015 1122 2056 damnetur.
1186 2014 1300 2064 Quid
1329 2015 1398 2056 hic
1426 2015 1596 2069 deperit
1623 2014 1790 2070 legibus
1817 2014 1862 2055 in

294 2109 374 2135 suo
393 2109 524 2149 regno
544 2093 889 2144 dominantibus,
910 2094 945 2134 si
963 2093 1197 2134 audiatur?
1261 2093 1326 2133 An
1349 2093 1430 2133 hoc
1449 2093 1588 2147 magis
1605 2091 1864 2148 gloriabitur

294 2180 494 2229 potestas
534 2189 696 2224 eorum,
739 2189 825 2229 quo
866 2175 1000 2215 etiam
1039 2174 1239 2215 auditam
1278 2173 1558 2215 damnabunt
1596 2174 1858 2214 ueritatem?

293 2256 500 2297 ¹Ceterum
535 2255 782 2296 inauditam
819 2255 855 2296 si
891 2255 1117 2304 damnent,
1157 2260 1330 2309 praeter
1364 2254 1578 2295 inuidiam
1614 2253 1863 2308 iniquitatis

294 2337 431 2377 etiam
465 2336 757 2391 suspicionem
791 2335 1077 2376 merebuntur
1109 2334 1291 2375 alicuius
1325 2334 1629 2383 conscientiae,
1664 2333 1862 2375 nolentes

294 2416 448 2457 audire
494 2415 612 2470 quod
657 2415 860 2456 auditum
906 2414 1116 2455 damnare
1161 2428 1245 2454 non
1294 2414 1477 2468 possint.
1538 2412 1667 2453 Hanc
1710 2412 1862 2467 itaque

298 2498 485 2552 primam
529 2511 707 2537 causam
750 2495 869 2550 apud
913 2510 991 2536 uos
1035 2495 1297 2535 collocamus
1340 2494 1587 2549 iniquitatis
1630 2493 1718 2535 odii
1761 2508 1861 2549 erga

298 2593 458 2619 nomen
507 2577 866 2619 Christianorum.
930 2575 1072 2625 Quam
1118 2575 1401 2630 iniquitatem
1448 2574 1565 2615 idem
1613 2574 1769 2615 titulus
1818 2579 1862 2616 et

298 2664 452 2700 onerat
492 2663 536 2699 et
576 2657 762 2698 reuincit
802 2656 876 2711 qui
917 2656 1093 2697 uidetur
1133 2669 1352 2705 excusare,
1394 2655 1642 2710 ignorantia
1682 2655 1859 2696 scilicet.

301 2739 415 2789 Quid
445 2739 559 2780 enim
588 2738 792 2792 iniquius,
825 2752 958 2791 quam
988 2742 1039 2778 ut
1066 2737 1239 2778 oderint
1268 2736 1464 2777 homines
1494 2736 1612 2791 quod
1640 2736 1858 2791 ignorant,

299 2823 433 2863 etiam
476 2821 511 2862 si
555 2835 620 2861 res
664 2826 855 2861 meretur
898 2820 1075 2861 odium?
1140 2820 1261 2860 Tunc
1304 2819 1466 2867 etenim
1511 2823 1714 2868 meretur,
1761 2832 1860 2859 cum

297 2901 575 2954 cognoscitur
599 2915 655 2942 an
681 2905 912 2941 mereatur.
976 2900 1171 2941 Vacante
1197 2905 1347 2940 autem
1374 2899 1517 2940 meriti
1542 2899 1715 2948 notitia,
1743 2898 1861 2940 unde

1886 1792 1930 1814 10

1886 2189 1927 2220 15

1883 2588 1928 2610 20
