1975 3306
135 180 176 221 p.
206 165 335 208 1021.
365 166 433 219 12]
591 165 1036 208 APOLOGETICVS
1071 168 1240 208 33—35
1612 168 1691 208 361

223 296 261 337 p.
288 282 370 322 100
393 281 416 322 l.
442 282 496 321 28
519 291 642 321 VNVS
669 280 826 322 Iustin.
851 281 975 336 Apol.
1000 293 1013 321 I
1040 281 1091 323 17
1117 280 1217 323 θεὸν
1244 282 1321 331 μὲν
1346 280 1477 336 μόνον
1498 299 1695 336 προσκυ-

137 353 304 403 νοῦμεν,
329 351 430 404 ὑμῖν
448 349 491 392 δὲ
514 349 624 406 πρὸς·
648 349 700 392 τὰ
726 349 847 392 ἄλλα
871 351 1100 408 χαίροντες
1124 352 1439 407 ὑπηρετοῦμεν.

222 436 259 476 p.
287 422 369 462 100
394 421 416 462 l.
443 422 496 462 29
522 432 668 462 PATER
692 432 889 462 PATRIAE
912 421 1008 463 qu.
1034 424 1059 462 8
1084 423 1168 462 244
1182 437 1221 464 n.

222 506 260 546 p.
296 492 379 531 100
412 490 435 532 l.
471 492 522 531 31
559 489 658 532 Son.
683 505 747 546 ep.
771 489 824 532 47
848 489 867 547 ξ
892 493 944 531 14
968 506 1017 532 ne
1047 491 1158 532 illuol
1180 492 1350 548 quidem
1376 492 1541 542 uidetis,
1565 508 1692 548 quam

133 576 296 602 omnem
327 560 545 602 inuidiam
577 561 761 603 maiores
799 562 936 602 nostri
967 561 1162 610 dominis,
1199 577 1363 604 omnem
1397 563 1694 605 contumeliam
1715 579 1733 611 5

131 631 268 672 seruis
309 630 599 672 cletraoeerint?
640 630 861 672 (lominum
889 637 1060 686 patrem
1083 630 1293 686 familiae
1335 632 1692 687 appellauerunt:

129 715 282 749 seruos,
306 700 416 756 quod
437 701 567 742 etiam
589 701 633 741 in
656 701 802 742 mimis
825 701 971 743 adhuc
986 701 1128 750 olurat,
1140 702 1409 757 familiares.

220 781 370 812 TANTo
409 782 550 812 ABEST
587 782 646 812 VT
689 771 754 812 De
789 770 883 813 Cor.
921 771 1050 813 Milit.
1091 773 1144 812 14
1177 787 1237 827 pr.
1300 772 1367 813 De
1400 772 1513 814 Tesb.
1548 773 1691 815 Anim.

135 843 153 880 1
189 855 226 896 p.
263 842 344 882 135
379 840 402 881 l.
443 842 466 882 9
506 840 630 882 Wiss.
694 841 760 882 De
793 840 901 897 Fug.
936 841 981 882 in
1014 841 1176 883 Perseo.
1206 844 1229 883 2
1257 842 1327 883 fin.
1356 844 1429 892 (no
1460 843 1623 899 ellipsis
1652 844 1699 885 of

133 910 291 965 mayis)
312 910 395 951 but
417 910 501 951 abl.
523 910 659 952 differ.
712 911 822 952 Adu.
848 911 978 953 Maro.
1003 923 1018 951 Ι
1043 913 1096 952 23
1119 926 1156 967 p.
1183 913 1264 952 321
1292 912 1315 953 l.
1340 914 1391 952 21
1411 912 1486 954 Kr.
1715 932 1758 955 10

218 994 256 1035 p.
284 982 365 1020 102
390 980 412 1020 l.
437 983 462 1022 3
486 991 731 1021 OFFENSAM
754 980 875 1022 Suet.

219 1064 257 1105 p.
292 1052 374 1091 102
406 1050 428 1091 1.
460 1053 485 1091 8
518 1061 825 1091 MALEmoTVM
853 1050 907 1091 ad
940 1056 1027 1092 nat.
1052 1062 1067 1090 1
1101 1049 1151 1091 17
1176 1050 1247 1091 fin.
1270 1050 1433 1105 quo‘ned
1460 1065 1515 1092 on
1544 1053 1692 1106 p..100

130 1120 153 1160 l.
189 1122 254 1163 12.
318 1120 478 1162 Minue.
516 1122 569 1162 23
602 1119 621 1177 ξ
653 1122 678 1162 3
711 1121 862 1162 inuitis
894 1120 1071 1176 denique
1107 1121 1181 1162 hoc
1218 1136 1364 1163 nomen
1403 1121 1664 1164 adscribitur
1677 1138 1691 1172 ;

129 1197 275 1246 optant
318 1192 362 1232 in
394 1191 559 1233 homine
585 1206 876 1246 perseuerare,
899 1191 1004 1246 fieri
1035 1206 1077 1233 se
1108 1192 1206 1233 oleos
1237 1197 1453 1242 metuunt,-
1494 1193 1571 1234 etsi
1600 1193 1690 1234 iam

127 1275 253 1311 senes,
270 1262 335 1303 nol
341 1268 422 1303 unt.
486 1261 665 1303 Suebon.
684 1261 800 1303 sibod
818 1261 897 1303 hoo
914 1276 1003 1317 cap.
1021 1276 1081 1317 pr.
1130 1261 1226 1304 Tae.
1242 1262 1324 1304 An.
1344 1273 1409 1302 XV
1426 1262 1480 1304 74
1498 1262 1689 1305 Cerealis
1711 1284 1752 1316 15

128 1330 311 1373 Anicius
354 1332 563 1388 proposed
607 1337 653 1373 ut
694 1332 899 1387 templum
935 1332 1035 1373 cliuo
1073 1332 1240 1373 Neroni
1273 1347 1402 1387 quam
1436 1334 1690 1376 maturrime

123 1403 308 1458 pecunia
340 1402 512 1457 publica
542 1409 783 1458 poneretur.
845 1403 956 1458 quod
989 1403 1160 1458 (suiolem
1197 1404 1272 1444 ille
1303 1404 1547 1446 decernebat
1580 1411 1687 1446 tam-

126 1487 256 1528 quam
273 1472 463 1515 mortale
462 1473 701 1529 fastiyium
723 1488 884 1529 cyresso
907 1479 945 1515 el
965 1474 1272 1516 uenerationem
1291 1473 1509 1515 hominum
1525 1475 1687 1525 merito,

127 1543 237 1597 quod
278 1542 337 1584 ad
369 1543 514 1585 omina
546 1543 649 1584 olim
689 1545 758 1585 sui
793 1544 931 1585 exitus
964 1549 1209 1585 uerteretur.
1273 1543 1496 1586 Caracalla
1537 1546 1584 1586 of
1620 1545 1687 1586 his

125 1612 304 1653 brother
338 1611 451 1653 Geta
484 1611 713 1668 (Spartian
751 1612 959 1654 Antonin.
994 1613 1108 1654 Geta
1143 1615 1167 1654 2
1197 1611 1216 1670 ξ
1248 1614 1291 1666 8)
1325 1614 1382 1655 sil
1413 1614 1552 1663 cliuus,
1584 1614 1685 1656 olum
1706 1636 1751 1658 20

125 1697 208 1724 non
240 1682 296 1724 sit
332 1682 470 1723 uiuus.

753 1856 857 1899 CAP.
893 1857 1066 1898 XXXV

215 1981 253 2022 p.
279 1968 361 2007 102
385 1967 408 2008 l.
435 1968 488 2008 10
519 1978 701 2008 PVBLICI
732 1979 902 2009 Hos'rEs
931 1983 963 2009 c.
987 1970 1011 2008 2
1040 1983 1077 2024 p.
1102 1970 1126 2010 6
1151 1969 1175 2010 l.
1200 1971 1263 2010 22.
1289 1984 1327 2025 p.
1352 1971 1378 2010 8
1401 1969 1424 2010 l.
1451 1971 1504 2009 14
1525 1969 1568 2009 in
1593 1984 1683 2010 reos

125 2036 361 2077 maiestatis
383 2041 420 2077 et
440 2035 632 2091 publicos
658 2036 792 2078 hostes
814 2037 949 2078 omnis
970 2037 1090 2078 homo
1112 2038 1232 2079 miles
1254 2043 1321 2079 est.
1385 2036 1447 2080 Cf.
1481 2053 1513 2079 o.
1537 2040 1602 2080 35.
1627 2040 1679 2079 537

125 2119 164 2159 p.
190 2107 273 2146 108
301 2105 324 2146 l.
350 2107 402 2146 25
418 2120 456 2147 n.
520 2105 589 2147 Ad
620 2105 743 2162 Scap.
777 2110 811 2157 2,
842 2107 953 2149 after
982 2107 1057 2148 the
1080 2107 1237 2163 charge
1267 2108 1314 2148 of
1339 2107 1536 2163 impieby‚
1557 2108 1617 2150 sio
1646 2114 1683 2150 et

125 2175 241 2216 circa
291 2175 553 2217 maiestatem
604 2177 878 2231 imperatoris
928 2177 1211 2233 infamamur,
1255 2183 1396 2219 tamen
1447 2192 1681 2232 numquam
1701 2197 1744 2229 25

124 2245 311 2298 (below),
345 2248 369 2284 4
394 2245 418 2285 f.
447 2260 530 2300 pro
563 2246 638 2287 cleo
674 2247 775 2288 uiuo
810 2263 1075 2297 cremamur;
1119 2248 1230 2303 quool
1267 2263 1340 2289 nec
1372 2248 1576 2302 sacrileyi
1612 2262 1682 2289 nec

125 2315 257 2356 hostes
285 2315 451 2370 publici
488 2331 558 2358 neo
595 2323 652 2358 tot
685 2318 924 2359 maiestatis
956 2318 1022 2359 rei
1058 2319 1156 2373 pali
1195 2318 1337 2360 solent.
1399 2318 1453 2358 ad
1484 2324 1572 2358 nat.
1607 2329 1622 2358 Ι
1656 2316 1679 2358 7

125 2399 163 2440 p.
208 2386 262 2426 68
305 2385 327 2426 l.
362 2386 386 2426 6
431 2384 555 2426 VViss.
588 2385 716 2428 hostis
745 2387 951 2441 publicus,
987 2388 1036 2428 of.
1075 2402 1105 2428 c.
1148 2389 1210 2428 17.
1274 2386 1452 2428 sueton.
1488 2385 1578 2428 Cal.
1614 2388 1679 2428 28.

127 2454 327 2496 Prudent.
362 2454 600 2511 Peristeph.
635 2468 667 2496 X
700 2459 793 2498 423.
858 2457 1065 2513 Sparbian
1097 2457 1197 2498 Seu.
1230 2459 1284 2497 14
1305 2454 1344 2513 ἐξ
1368 2458 1405 2504 5,
1429 2458 1453 2498 9
1477 2456 1530 2497 de
1554 2456 1676 2497 Plau-

125 2524 256 2566 biano.
319 2524 562 2566 Mommsen
585 2525 768 2568 staatsr.
793 2538 847 2567 ΙΙΙ
872 2528 995 2568 1026.
1699 2546 1744 2578 30

214 2609 252 2650 p.
291 2596 373 2635 102
417 2594 440 2635 ].
477 2597 529 2635 12
572 2606 835 2637 SOLLEMNIA
877 2596 943 2637 De
987 2595 1181 2651 Spectas.
1226 2597 1250 2637 6
1292 2610 1330 2650 p.
1368 2597 1393 2635 8
1430 2595 1454 2636 l.
1490 2597 1514 2636 8
1553 2594 1677 2636 Wiss.

125 2663 284 2718 reliqui
306 2663 504 2704 ludorum
519 2664 569 2705 de
587 2665 803 2706 natalibus
817 2671 854 2706 et
875 2664 1148 2706 sollemnibus
1161 2679 1308 2718 reyuni
1325 2669 1363 2705 et
1373 2663 1560 2719 publicis
1575 2678 1678 2718 pro·

123 2733 397 2788 speritatibus
418 2739 456 2774 et
476 2734 807 2788 municipalibus
827 2734 965 2790 fastis
993 2734 1306 2789 superstitionis
1334 2748 1486 2775 causas
1517 2733 1676 2775 liabent.

92 2818 94 2821 ¹
126 2801 274 2843 Ambr.
297 2801 364 2843 De
387 2802 504 2844 Obib.
528 2803 747 2844 Valentin.
773 2805 824 2844 15
847 2802 1075 2858 ferebatur
1102 2803 1247 2858 primo
1278 2802 1395 2843 luolis
1426 2802 1678 2844 circensibus

124 2870 353 2913 delectari:
383 2872 443 2914 sic
475 2872 591 2914 istud
622 2872 827 2919 abstersit,
852 2878 898 2914 ut
930 2886 980 2913 ne
1010 2871 1281 2913 sollemnibus
1314 2871 1481 2927 quidem
1508 2872 1674 2928 princi·
1695 2889 1739 2922 35
