1975 3306
288 140 341 181 94
865 138 1270 181 TERTVLLIANI

370 254 445 296 28.
507 254 724 304 Quoniam
778 260 930 296 autem
983 254 1110 295 facile
1163 253 1363 309 iniquum
1417 254 1642 296 uideretur
1693 254 1851 296 liberos

287 332 484 374 homines
510 333 674 374 inuitos
702 333 843 388 urgeri
871 332 928 373 ad
955 331 1291 374 sacrificandum
1320 334 1441 384 (nam
1470 337 1514 374 et
1541 332 1648 374 alias
1674 332 1850 374 diuinae

285 411 345 452 rei
382 411 614 452 faciundae
650 411 789 452 libens
825 411 998 452 animus
1034 411 1274 464 indicitur),
1313 417 1429 453 certe
1464 411 1666 467 ineptum
1703 412 1848 453 existi-

285 494 493 540 maretur,
526 489 561 530 si
593 489 690 544 quis
721 489 776 530 ab
808 489 892 530 alio
925 495 1152 545 cogeretur
1181 489 1238 531 ad
1270 490 1480 531 honorem
1511 490 1706 540 deorum,
1740 504 1849 545 quos

286 567 401 608 ultro
418 567 484 609 sui
502 581 633 609 causa
650 568 823 623 placare
840 567 1033 617 deberet,
1051 582 1105 608 ne
1122 582 1226 622 prae
1243 582 1379 609 manu
1395 573 1509 609 esset
1524 568 1616 609 iure
1632 567 1848 609 libertatis
1868 575 1888 607 5

284 645 448 687 dicere:
484 644 596 686 Nolo
614 645 721 686 mihi
739 645 892 687 Iouem
910 645 1174 700 propitium3
1210 651 1260 686 tu
1278 646 1374 700 quis
1393 647 1463 687 es?
1527 645 1595 686 Me
1613 645 1849 687 conueniat

285 724 421 765 Ianus
436 724 576 766 iratus
593 738 645 765 ex
664 739 751 779 qua
769 724 877 765 uelit
893 723 1060 773 fronte3
1096 724 1203 779 quid
1219 723 1301 765 tibi
1319 738 1491 764 mecum
1509 725 1601 765 est?
1651 724 1848 765 Formati

285 804 388 845 estis
414 804 469 845 ab
494 804 634 845 isdem
659 804 814 859 utique
839 803 1078 858 spiritibus,
1106 803 1172 844 uti
1197 817 1277 844 nos
1302 817 1380 858 pro
1405 803 1547 844 salute
1571 803 1848 858 imperatoris

284 882 526 923 sacrificare
552 882 731 938 cogatis,
756 888 800 924 et
828 882 1022 937 inposita
1053 886 1119 922 est
1148 886 1242 922 tam
1263 881 1389 922 uobis
1410 881 1645 923 necessitas
1666 872 1847 936 cogendi

285 975 418 1015 quam
467 960 593 1002 nobis
642 960 852 1016 obligatio
902 959 1191 1015 periclitandi.
1252 959 1447 1000 Ventum
1496 964 1562 1001 est
1609 959 1743 1015 igitur
1791 959 1847 1000 ad
1869 972 1911 995 10

283 1038 525 1080 secundum
577 1039 759 1080 titulum
810 1039 953 1080 laesae
1005 1037 1268 1093 augustioris
1320 1037 1576 1087 maiestatis,
1631 1037 1846 1092 siquidem

284 1117 447 1158 maiore
478 1117 711 1158 formidine
743 1122 788 1158 et
819 1116 1038 1157 callidiore
1069 1115 1311 1157 timiditate
1342 1114 1571 1156 Caesarem
1603 1114 1847 1157 obseruatis

284 1209 418 1249 quam
447 1195 592 1250 ipsum
624 1195 678 1236 de
710 1194 899 1249 Olympo
930 1193 1098 1235 Iouem.
1160 1193 1220 1233 Et
1250 1192 1419 1243 merito,
1452 1192 1486 1233 si
1517 1192 1678 1234 sciatis.
1741 1192 1846 1242 Quis

283 1276 399 1317 enim
426 1290 479 1317 ex
504 1275 760 1317 uiuentibus
786 1274 972 1330 quilibet
996 1288 1085 1315 non
1111 1279 1286 1315 mortuo
1314 1273 1484 1328 potior?
1548 1273 1633 1315 Sed
1658 1288 1737 1315 nec
1764 1274 1844 1315 hoc

282 1371 361 1399 uos
389 1358 559 1399 ratione
587 1357 732 1399 facitis
760 1357 909 1412 potius
937 1370 1072 1410 quam
1100 1360 1302 1410 respectu
1330 1360 1672 1410 praesentaneae
1700 1360 1843 1410 potes·
1866 1370 1906 1402 15

281 1435 388 1476 tatis
403 1449 410 1476 :
442 1435 552 1476 adeo
568 1440 612 1476 et
623 1435 669 1476 in
682 1435 767 1476 isto
781 1433 1014 1489 inreligiosi
1029 1447 1128 1488 erga
1142 1432 1246 1473 deos
1260 1438 1430 1473 uestros
1443 1432 1842 1487 deprehendemini,

282 1525 381 1553 cum
400 1513 498 1567 plus
516 1512 686 1554 timoris
705 1512 898 1553 humano
917 1511 1111 1552 dominio
1130 1510 1300 1552 dicatis.
1362 1510 1500 1551 Citius
1518 1509 1706 1565 denique
1724 1510 1843 1566 apud

280 1605 359 1632 uos
381 1605 458 1646 per
479 1605 630 1632 omnes
652 1590 756 1632 deos
779 1605 913 1645 quam
937 1604 1012 1645 per
1033 1604 1171 1631 unum
1193 1589 1369 1644 genium
1392 1588 1586 1630 Caesaris
1608 1588 1840 1643 peieratur.

363 1722 439 1765 29.
499 1722 682 1764 Constet
699 1722 832 1777 igitur
852 1721 984 1776 prius,
1006 1721 1041 1762 si
1060 1721 1146 1771 isti,
1169 1720 1329 1776 quibus
1348 1720 1631 1772 sacrificatur,
1653 1722 1841 1764 salutem

278 1801 619 1857 imperatoribus
645 1801 715 1842 uel
742 1800 921 1842 cuilibet
948 1799 1113 1841 homini
1139 1800 1347 1854 inpertire
1374 1805 1571 1855 possunt,
1602 1806 1646 1841 et
1671 1800 1734 1842 ita
1762 1815 1841 1842 nos
1861 1817 1904 1839 20

280 1879 448 1920 crimini
477 1879 722 1920 maiestatis
751 1878 954 1928 addicite,
986 1878 1021 1918 si
1050 1877 1190 1933 angeli
1220 1883 1298 1918 aut
1327 1877 1561 1919 daemones
1590 1878 1839 1920 substantia

278 1957 454 2011 pessimi
484 1957 663 2012 spiritus
696 1955 957 1998 beneficium
987 1955 1166 2010 aliquod
1199 1961 1450 2009 operantur,
1483 1955 1518 1996 si
1550 1955 1708 2010 perditi
1740 1970 1838 1997 con-

279 2041 470 2085 seruant,
506 2035 540 2076 si
573 2035 773 2076 damnati
805 2034 1007 2083 liberant,
1042 2034 1076 2075 si
1109 2034 1310 2088 denique,
1346 2034 1464 2089 quod
1496 2034 1540 2075 in
1574 2034 1839 2076 conscientia

278 2119 426 2154 uestra
467 2119 545 2163 est,
587 2113 750 2154 mortui
789 2113 915 2154 uiuos
954 2117 1148 2153 tuentur.
1211 2112 1326 2153 Nam
1366 2112 1519 2167 utique
1558 2126 1660 2153 suas
1698 2112 1838 2167 primo

278 2196 451 2232 statuas
467 2196 511 2232 et
524 2191 735 2245 imagines
750 2196 795 2232 et
809 2190 938 2231 aedes
952 2195 1194 2239 tuerentur,
1212 2204 1338 2244 quae,
1356 2196 1406 2232 ut
1421 2191 1586 2245 opinor,
1605 2190 1837 2232 Caesarum
1858 2201 1900 2242 25

278 2268 438 2309 milites
456 2267 650 2309 excubiis
667 2268 789 2309 salua
807 2273 1049 2322 praestant.
1082 2268 1197 2308 Puto
1216 2273 1378 2317 autem,
1400 2282 1474 2308 eae
1491 2268 1611 2322 ipsae
1628 2269 1837 2309 materiae

278 2345 331 2385 de
355 2345 544 2386 metallis
567 2345 801 2386 Caesarum
826 2345 1023 2395 ueniunt,
1051 2351 1095 2386 et
1119 2350 1216 2386 tota
1240 2345 1405 2400 templa
1429 2345 1483 2386 de
1507 2351 1620 2386 nutu
1644 2345 1838 2387 Caesaris

278 2429 497 2465 constant.
559 2423 686 2465 Multi
734 2424 922 2479 denique
970 2423 1039 2465 dei
1087 2423 1337 2465 habuerunt
1385 2423 1612 2464 Caesarem
1658 2424 1834 2466 iratum.

278 2502 403 2544 Facit
428 2504 485 2544 ad
510 2518 701 2554 causam,
729 2505 763 2545 si
790 2510 834 2545 et
858 2504 1111 2561 propitium,
1140 2518 1240 2545 cum
1264 2504 1346 2545 illis
1371 2503 1536 2558 aliquid
1561 2504 1836 2546 liberalitatis

277 2589 356 2625 aut
377 2584 589 2640 priuilegii
612 2585 793 2627 confert.
855 2586 927 2627 Ita
950 2585 1024 2641 qui
1046 2590 1150 2626 sunt
1172 2585 1216 2626 in
1238 2585 1431 2627 Caesaris
1454 2589 1688 2639 potestate,
1713 2585 1835 2627 cuius
1855 2602 1899 2633 30

277 2670 322 2705 et
345 2664 429 2705 toti
454 2671 570 2714 sunt,
599 2665 820 2720 quomodo
847 2664 1075 2706 habebunt
1098 2664 1285 2706 salutem
1311 2664 1505 2706 Caesaris
1528 2665 1572 2706 in
1598 2671 1831 2720 potestate,

276 2749 327 2785 ut
352 2758 447 2785 eam
473 2752 695 2799 praestare
720 2760 845 2801 posse
870 2746 1117 2796 uideantur,
1145 2759 1278 2800 quam
1304 2745 1472 2786 facilius
1496 2745 1578 2800 ipsi
1603 2760 1627 2786 a
1653 2746 1834 2788 Caesare

276 2827 627 2880 consequantur?
691 2826 796 2867 Ideo
820 2841 919 2882 ergo
942 2826 1261 2868 committimus
1282 2826 1326 2867 in
1349 2826 1624 2868 maiestatem
1647 2827 1830 2882 impera-
