1975 3306
277 166 361 206 230
851 158 1258 201 TERTVLLIANI
1515 159 1575 212 [p.
1599 158 1653 199 44
1675 157 1703 198 l.
1727 158 1841 198 33—

364 292 404 334 p.
427 279 484 318 44
506 277 530 318 l.
555 277 611 318 33
634 290 719 330 seq.
783 274 835 315 ad
860 280 949 317 nat.
972 285 988 314 1
1014 276 1068 315 10
1091 289 1130 330 p.
1156 272 1208 315 75
1232 272 1257 314 l.
1282 274 1336 313 12
1360 272 1486 314 Wiss.
1512 287 1606 315 cum
1628 271 1710 313 alii
1730 271 1843 313 alios

273 348 373 393 deos
407 347 556 396 colitis,
587 361 654 389 eos
689 360 790 401 quos
820 360 903 387 vnon
936 345 1076 387 colitis
1113 344 1260 399 utique
1291 343 1585 391 conteninitis;
1622 341 1843 397 praelatio

277 419 457 460 alterius
481 418 571 460 sine
600 417 780 459 alterius
810 415 1067 458 contumelia
1095 430 1178 456 non
1203 420 1341 470 potest
1370 429 1438 456 nec
1467 413 1558 454 ulla
1584 413 1728 455 electio
1757 427 1839 454 non

279 488 567 545 reprobatione
589 487 866 542 componitur.
927 486 1001 541 qui
1022 485 1073 527 de
1100 485 1302 541 pluribus
1321 484 1501 540 suscipit
1522 483 1722 540 aliquem,
1744 498 1842 525 eum

236 577 255 608 5
276 575 397 615 quem
428 574 508 601 non
538 558 718 613 suscipit
747 557 947 613 desperit.
1011 556 1068 598 ib.
1102 568 1136 598 ΙΙ
1171 558 1195 597 9
1230 556 1297 608 (ef.
1331 556 1488 608 below)
1519 561 1609 597 tum
1640 556 1679 596 si
1710 560 1844 597 certos

276 629 493 677 habebant,
517 628 697 671 contenti
717 642 802 670 esse
831 626 1064 669 debuerunt
1092 641 1165 668 nec
1194 626 1342 668 electos
1371 625 1629 668 desiderare.
1691 625 1737 666 in
1759 639 1839 680 quo

276 701 406 743 etiam
447 699 687 754 inreliyiosi
727 697 1111 753 deprehenduntur.
1173 697 1213 738 si
1253 697 1366 739 enim
1408 697 1478 738 dei
1514 702 1560 738 ut
1595 695 1708 738 bulbi
1743 695 1839 738 seli-

274 776 447 824 ountur,
468 768 543 824 qui
566 783 646 810 non
671 768 925 823 seliyuntur,
946 766 1116 822 reprobi
1140 766 1494 822 pronuntiantur.
1556 766 1611 807 ad
1633 781 1703 808 ux.
1727 777 1741 807 Ι
1765 767 1791 807 3
1815 766 1840 807 f.

280 854 360 881 non
385 845 616 894 propterea
644 837 883 893 appetenda
912 843 1010 879 sunt
1039 836 1263 892 quaedam,
1287 836 1392 891 quia
1424 851 1504 878 non
1530 841 1742 886 uetantur‚
1765 836 1846 877 etsi

214 930 257 952 10
278 909 463 965 quodam
492 908 614 950 modo
647 914 861 957 iactantur,
885 922 981 950 cuni
1013 906 1107 948 alia
1138 906 1231 948 illis
1256 905 1598 962 praeferuntur:
1623 906 1844 962 praelatio

278 980 391 1021 enini
437 978 708 1033 superiorum
754 977 971 1035 dissuasio
1018 982 1076 1018 est
1125 975 1383 1031 infimorum.
1462 975 1545 1017 See
1588 976 1701 1032 Aug.
1745 975 1843 1018 Ciu.

278 1048 359 1090 Dei
396 1059 464 1089 V11
504 1050 525 1088 1
566 1063 651 1103 qua
684 1048 731 1088 in
766 1061 810 1109 re
843 1061 927 1088 non
960 1047 1054 1088 dico
1087 1045 1197 1101 quod
1219 1044 1414 1100 facetius
1446 1045 1511 1086 ait
1545 1045 1844 1087 Tertullianus

277 1118 351 1165 (ad
373 1124 461 1159 nat.
485 1128 520 1158 ΙΙ
544 1119 569 1159 9
592 1116 707 1158 cited
729 1116 887 1169 above)
907 1115 1102 1172 fortasse
1130 1130 1260 1170 quam
1282 1115 1444 1164 uerius,
1466 1116 1504 1156 si
1532 1114 1580 1157 di
1603 1115 1845 1170 seliquntur

279 1195 324 1230 ut
352 1187 476 1236 bulbi,
498 1187 642 1242 'utique
672 1186 797 1228 ceteri
826 1185 996 1242 reprobi
1022 1185 1286 1228 iudicantur.
1350 1200 1431 1227 non
1461 1185 1535 1227 lzoc
1567 1185 1687 1228 dico.
1717 1186 1845 1228 uideo

214 1279 256 1310 15
278 1259 390 1300 enim
426 1258 557 1299 etiarn
593 1271 642 1298 ecc
674 1256 837 1298 selectis
873 1256 999 1311 seliyi
1037 1256 1206 1312 aliquos
1243 1255 1301 1296 ad
1338 1255 1508 1310 aliq-uid
1542 1256 1685 1297 maius
1718 1262 1846 1312 atque

272 1329 579 1383 praestantius.
640 1327 749 1368 sicut
777 1326 823 1367 in
848 1326 1023 1374 militia,
1045 1341 1142 1367 cum
1167 1325 1324 1367 tiron-es
1352 1325 1471 1367 electi
1491 1324 1677 1381 fuerint,
1699 1341 1748 1368 ecc
1776 1326 1845 1368 liis

277 1411 437 1454 quoque
469 1397 686 1451 eliyuntur
718 1396 776 1437 ad
809 1410 913 1451 opus
945 1395 1123 1450 aliquod
1155 1395 1299 1436 ‘maius
1325 1409 1559 1436 armorum.
1621 1395 1842 1452 Athenag.

280 1468 430 1524 Suppl.
468 1469 522 1508 14
558 1467 629 1508 fin.
662 1482 702 1522 p.
737 1464 812 1507 14³³
846 1465 899 1508 ἂν
933 1465 1078 1508 τοίνυν
1115 1466 1248 1519 ἡμεῖς,
1283 1465 1351 1507 ὅτι
1381 1464 1443 1518 μὴ
1476 1467 1630 1511 κοινῶς
1663 1466 1845 1512 ἐκείνοις

280 1539 589 1590 θεοσεβοῦμεν,
631 1537 881 1591 ἀσεβῶμεν,
923 1538 1071 1578 πᾶσαι
1116 1537 1197 1588 μεν
1248 1534 1404 1580 πόλεις
1451 1534 1601 1578 πάντα
1651 1535 1695 1578 δὲ
1738 1535 1843 1588 ἔθνη

214 1632 259 1654 20
279 1610 550 1661 ἀσεβοῦσιν·
596 1609 645 1650 οὐ
682 1607 767 1663 «γὰρ
806 1606 906 1650 τοὺς
938 1605 1096 1653 αὐτοὺς
1133 1607 1297 1651 πάντες
1331 1605 1492 1659 ἄγουσι
1525 1606 1659 1652 θεούς.
1723 1607 1844 1664 Orig.

278 1686 411 1722 contr.
443 1678 554 1722 Cels.
583 1690 614 1719 V
646 1678 713 1720 27.
741 1677 901 1719 lustin.
931 1677 1039 1733 apol.
1071 1688 1086 1718 Ι
1120 1678 1176 1718 24·
1208 1679 1386 1733 πρῶτον
1416 1677 1494 1731 μὲν
1526 1677 1593 1720 ὅτι
1625 1676 1680 1718 τὰ
1713 1677 1846 1731 ὅμοια

279 1752 370 1796 τοῖς
391 1749 596 1801 ’Έλλησι
623 1747 830 1801 λε”γοντες
857 1745 982 1800 μόνοι
1009 1745 1261 1801 μισούμεθα
1289 1745 1341 1789 δι’
1365 1746 1504 1800 ὄνομα
1529 1750 1607 1789 τοῦ
1629 1749 1844 1803 Χριστοῦ,

278 1821 354 1862 καὶ
405 1818 539 1874 μηδὲν
591 1819 845 1864 ἀδικοῦντες
897 1818 953 1864 ὡς
1004 1817 1265 1872 ἁμαρτωλοὶ
1323 1816 1634 1873 ἀναιρούμεθα,
1686 1818 1843 1860 ἄλλων

278 1891 491 1947 ἀλλαχοῦ
532 1890 605 1931 καὶ
650 1888 807 1944 δένδρα
850 1887 1110 1941 σεβομένων
1152 1888 1226 1930 καὶ
1269 1887 1497 1942 ποταμοὺς
1536 1889 1612 1931 καὶ
1647 1891 1730 1943 μῦς
1768 1889 1841 1932 καὶ

214 1984 257 2016 25
278 1960 513 2016 αἰλούρους
548 1959 622 2002 καὶ
661 1957 969 2015 κροκοδείλους
1004 1958 1080 2000 καὶ
1116 1960 1203 2000 τῶν
1240 1957 1418 2010 ἀλόγων
1451 1958 1568 2015 ζῴων
1600 1958 1655 2001 τὰ
1687 1958 1842 2002 πολλὰ

280 2031 355 2073 καὶ
409 2031 460 2072 οὐ
512 2031 600 2072 τῶν
652 2029 798 2071 αὐτῶν
851 2027 935 2070 ὑπὸ
988 2028 1170 2070 πάντων
1223 2028 1479 2081 τιμωμένων
1529 2028 1631 2070 ἀλλ’
1687 2029 1841 2072 ἄλλων

280 2100 526 2159 ἀλλαχόσε,
567 2098 674 2142 ὥστ’
717 2098 828 2142 εἶναι
871 2097 1056 2151 ἀσεβεῖς
1098 2098 1320 2152 ἀλλήλοις
1362 2099 1534 2144 πάντας
1577 2098 1647 2141 διὰ
1690 2098 1739 2142 τὸ
1780 2099 1840 2154 μὴ

279 2171 333 2213 τὰ
356 2170 469 2213 αὐτὰ
500 2171 664 2220 σέβειν.
729 2169 840 2225 ὅπερ
872 2167 1005 2222 μόνον
1035 2169 1243 2221 ἐνγκαλεῖν
1265 2170 1367 2223 ἡμῖν
1397 2169 1534 2228 ἔχετε,
1558 2168 1623 2212 ὅτι
1651 2169 1711 2224 μὴ
1741 2170 1842 2216 τοὺς

279 2240 438 2286 αὐτοὺς
475 2241 576 2293 ὑμῖν
613 2239 810 2292 σέβομεν
844 2237 978 2284 θεούς.
1040 2239 1088 2280 ef.
1126 2239 1402 2295 Havercamp
1439 2254 1524 2295 esp.
1563 2239 1681 2281 Lacb.
1717 2252 1752 2281 ΙΙ
1788 2242 1840 2282 16

214 2336 258 2366 30
278 2309 316 2368 §S
339 2314 391 2353 16
427 2310 491 2352 17.

368 2397 407 2437 p.
431 2382 486 2422 46
510 2381 536 2421 l.
560 2382 583 2420 2
609 2379 733 2435 Kaye
756 2381 853 2421 324.

366 2467 407 2508 p.
429 2453 483 2492 46
508 2451 533 2492 l.
555 2452 582 2491 4
613 2461 761 2491 SVPRA
786 2452 809 2491 5
833 2464 894 2505 pr.
956 2448 1011 2490 ad
1043 2456 1130 2490 nat.
1156 2461 1169 2490 1
1197 2451 1250 2490 10
1279 2464 1318 2505 p.
1344 2449 1396 2490 75
1422 2449 1445 2490 l.
1470 2450 1526 2490 24
1553 2449 1674 2491 Wiss.
1697 2450 1842 2506 utique

280 2522 391 2564 enini
419 2520 739 2576 impiissimum,
769 2520 899 2561 immo
931 2519 1402 2561 contuineliosissitnum
1434 2519 1673 2561 admissum
1704 2526 1773 2569 est,
1795 2521 1842 2562 in

280 2591 459 2633 arbitrio
495 2597 533 2633 et
566 2590 743 2632 libidine
776 2590 1006 2632 sententiae
1038 2590 1251 2631 humanae
1284 2589 1421 2631 locare
1451 2589 1648 2634 honorem
1677 2591 1840 2633 diuini-

203 2679 246 2710 35
280 2662 393 2710 tatis,
421 2667 463 2702 ut
484 2661 586 2702 deus
610 2676 690 2702 non
711 2660 778 2710 sit,
801 2660 889 2702 nisi
910 2661 979 2702 cui
1001 2675 1085 2701 esse
1111 2661 1360 2715 permiserit
1381 2666 1563 2702 senatus.

368 2747 406 2787 p.
445 2732 500 2772 46
538 2731 562 2772 l.
602 2732 626 2772 6
665 2741 917 2771 NOLVISSET
959 2730 1013 2771 ad
1056 2737 1144 2772 nat.
1188 2742 1202 2771 1
1249 2732 1302 2772 10
1353 2745 1393 2786 p.
1438 2731 1491 2772 76
1544 2731 1568 2773 l.
1614 2733 1667 2772 14
1716 2731 1841 2775 Wiss.

274 2801 474 2856 priuatos
517 2800 628 2841 enini
669 2800 777 2848 deos,
814 2814 918 2855 quos
959 2799 1095 2841 Lares
1138 2805 1175 2841 et
1216 2799 1402 2841 Penates
1437 2798 1668 2842 domestica
1704 2815 1840 2843 conse·

280 2871 465 2912 oratione
490 2869 732 2924 perhibetis,
764 2869 995 2911 domestica
1026 2875 1063 2911 et
1095 2869 1269 2911 licentia
1300 2870 1536 2912 inculcatis,
1563 2871 1837 2922 venditando,
