1975 3306
120 162 162 203 p.
187 149 240 189 46
263 148 290 189 l.
317 148 388 200 30]
629 146 1076 190 APOLOGETIOVS
1112 148 1163 188 13
1601 147 1683 187 233

126 261 315 304 Vulcano
340 262 475 318 faber
499 262 621 318 ferri
651 269 930 305 consecratur.
993 261 1111 304 Laeb.
1142 272 1177 302 II
1210 263 1236 302 4
1267 258 1332 317 §9
1366 261 1463 317 quis
1494 275 1595 302 usus
1626 266 1685 302 est

113 333 400 387 pretiosorum
428 347 653 374 munerum
682 332 792 373 nihil
821 331 1124 374 sentientibus?
1184 346 1241 372 an
1269 331 1355 379 ille,
1379 331 1454 386 qui
1475 331 1684 372 mortuis?

113 402 221 457 pari
257 402 369 444 enim
404 402 570 444 ratione
607 402 906 456 defunctorum
943 416 1123 457 corpora
1160 401 1359 443 odoribus
1395 416 1445 443 ac
1482 401 1685 456 pretiosis

120 471 302 513 uestibus
334 472 451 513 illita
484 477 522 513 et
556 472 783 513 conuoluta
820 471 940 512 humi
976 470 1169 521 condunt,
1206 485 1292 526 qua
1330 470 1427 512 deos
1463 470 1683 512 honorant.

120 542 468 583 Preller-Jordan
492 553 526 583 II
550 544 604 584 95
629 557 670 584 11.
695 544 730 583 1.
1704 556 1723 587 5

208 627 246 668 p.
270 614 325 654 46
352 613 375 653 l.
402 614 456 654 23
488 623 606 653 ARAS
636 611 758 653 Suet.
789 610 908 652 Nero
940 613 994 652 50
1024 610 1070 651 in
1098 625 1142 652 eo
1172 611 1347 666 [yentili
1375 610 1683 665 Domitiorum]

115 689 383 725 monumento
416 683 572 725 solium
599 682 893 738 porphyretici
928 682 1163 723 marmoris
1197 686 1461 736 superstante
1496 680 1685 722 Lunensi

119 768 202 794 ara
225 754 580 809 circumsaeptum
606 759 664 795 est
691 752 837 808 lapide
862 752 1029 794 Thasio.
1052 767 1164 794 omn.
1189 751 1323 794 Clem.
1347 751 1471 793 Alex.
1492 751 1682 807 Protrep.

115 838 151 866 c.
170 825 196 864 3
216 826 241 864 4
257 839 296 880 p.
316 825 370 865 39
388 823 506 869 νεὼς.
520 857 526 864 .
539 822 733 879 .τάφους.
786 823 1043 864 Theodorei.
1061 822 1208 863 Graec.
1227 822 1383 863 Affecb.
1403 821 1503 864 Cur.
1521 833 1609 862 VIII
1628 823 1683 863 34

117 893 331 935 Aristotle
354 893 515 935 offered
544 893 693 934 divine
723 893 912 935 honours
942 899 987 934 bo
1017 892 1085 934 his
1114 892 1211 933 wife
1234 892 1303 946 (cf.
1328 891 1415 935 Cio.
1440 898 1485 933 ‘co
1508 891 1683 945 Tullia).
1705 909 1748 931 10

208 980 247 1021 p.
271 967 325 1007 46
349 965 373 1006 l.
399 967 451 1005 25
477 976 625 1006 EPVLO
656 975 779 1005 IOVIS
809 963 1067 1019 Marquardt
1096 968 1165 1004 ΠΙ·2
1194 964 1279 1005 348
1302 978 1342 1004 11.
1366 965 1393 1004 4
1415 964 1484 1015 (cf.
1508 964 1684 1016 348—9).

118 1034 282 1076 Arnob.
304 1046 373 1075 VII
397 1036 463 1076 32.
516 1033 610 1075 Liu.
636 1045 736 1074 XXV
761 1036 785 1074 2
807 1032 827 1090 ξ
850 1036 915 1075 10.
973 1033 1114 1075 Valer.
1140 1033 1253 1074 Max.
1278 1045 1313 1074 II
1339 1036 1354 1074 ]
1383 1031 1403 1089 ξ
1426 1035 1460 1074 2.
1485 1044 1534 1074 IV
1558 1035 1582 1074 2
1605 1031 1624 1090 ξ
1647 1035 1683 1074 3.

118 1105 294 1147 Gu‘oher
315 1105 381 1146 De
405 1105 502 1146 Vei.
526 1105 629 1147 Iure
653 1104 811 1147 Pontif.
836 1116 887 1145 IV
911 1106 975 1146 23.

209 1186 410 1217 SIMPVLO
429 1192 436 1217 :
467 1176 735 1231 simpuuium
757 1175 887 1231 Apul.
913 1175 1027 1231 Mag.
1053 1176 1106 1216 18
1129 1176 1184 1227 (ΙΙ
1208 1175 1292 1214 488
1313 1173 1452 1220 Hild.)
1475 1172 1608 1215 Salm.
1630 1173 1685 1214 ad

118 1246 255 1288 Solin.
278 1261 319 1302 p.
343 1248 437 1288 583.
500 1246 715 1287 Muneker
735 1245 791 1287 ad
815 1245 1019 1302 Fulgen‘o.
1041 1260 1080 1301 p.
1106 1243 1201 1286 781.
1264 1243 1379 1285 Festa.
1397 1259 1436 1300 p.
1458 1243 1540 1285 707
1559 1243 1684 1285 Lind.
1706 1256 1747 1288 15

211 1327 472 1357 HARVSPICE
505 1316 572 1357 De
605 1315 750 1371 Spect.
783 1317 837 1357 10
866 1330 905 1371 p.
937 1317 990 1355 12
1022 1314 1045 1355 l.
1081 1317 1105 1355 2
1136 1313 1261 1355 Wiss.
1294 1313 1455 1355 duobus
1484 1313 1683 1369 inquina-

118 1387 299 1429 tissimis
321 1387 500 1428 arbitris
517 1386 730 1442 funerum
759 1393 797 1429 et
824 1401 1059 1435 sacrorum,
1083 1385 1367 1440 dissiynatore
1388 1390 1426 1427 et
1447 1385 1682 1440 haruspice.

122 1457 524 1512 Bouche-Leelereq
546 1456 804 1498 Divis-latior]
826 1468 876 1497 IV
899 1458 953 1498 65
979 1458 1013 1497 2.

209 1542 249 1583 p.
273 1529 327 1568 46
351 1527 374 1568 l.
400 1528 453 1568 26
478 1538 766 1568 POLLINCTOR
788 1526 1002 1582 Scorpiac.
1028 1524 1050 1566 7
1074 1525 1146 1566 fin.
1168 1525 1207 1566 si
1233 1531 1374 1567 noster
1401 1540 1561 1580 quoque
1582 1525 1685 1566 deus

114 1597 326 1652 propriae
361 1596 521 1638 hostiae
557 1596 724 1638 nomine
761 1596 979 1651 martyria
1014 1595 1096 1637 sibi
1132 1595 1448 1650 depostulasset,
1486 1595 1581 1649 quis
1615 1594 1687 1635 illi
1704 1608 1749 1631 20

118 1666 413 1721 eoeprobrasset
458 1665 678 1720 funestam
719 1665 969 1720 reliyionem
1011 1670 1049 1707 et
1091 1664 1288 1720 luyubres
1328 1664 1440 1706 ritus
1481 1670 1518 1706 et
1559 1679 1685 1705 swani

120 1750 272 1790 royum
295 1741 332 1777 et
351 1735 651 1790 pollinctorem
671 1734 962 1776 sacerdotem?
1012 1733 1158 1789 Specta.
1183 1735 1237 1774 IO
1260 1733 1338 1774 has
1360 1738 1436 1774 nob
1459 1733 1534 1774 the
1557 1732 1683 1773 word.

119 1805 207 1847 add
239 1812 284 1847 to
319 1807 427 1847 lexx.
461 1806 582 1847 Seru.
614 1806 722 1846 Aen.
756 1816 805 1846 VI
840 1807 922 1846 218
956 1805 980 1846 f.
1014 1816 1066 1845 IX
1095 1804 1178 1845 487
1213 1804 1300 1845 and
1332 1804 1372 1845 h.
1402 1804 1439 1852 1.,
1467 1803 1552 1844 and
1587 1818 1616 1844 s.
1647 1818 1683 1844 V.

114 1875 312 1931 pollinyo
346 1874 445 1916 8611.
469 1875 536 1916 De
559 1875 664 1916 Vita
686 1875 825 1916 Beata
849 1877 870 1915 7
895 1874 914 1930 ξ
938 1877 961 1915 2
986 1875 1009 1916 f.

211 1946 376 2002 11461.
402 1945 454 1987 27
479 1946 724 1987 Theodorei
765 1945 915 1987 Graec.
953 1945 1037 1986 Aff.
1077 1944 1177 1987 Cur.
1216 1955 1271 1984 ΙΙΙ
1305 1941 1344 2000 ἐξ
1371 1945 1426 1985 32
1464 1944 1519 1984 33
1556 1957 1595 1999 p.
1629 1944 1684 1984 43
1705 1959 1748 1991 25

122 2018 150 2057 8
173 2031 258 2072 seq.
281 2016 473 2072 wrongly
495 2031 592 2072 says
622 2015 721 2057 that
750 2014 881 2064 Nero,
903 2014 1142 2064 Domitian,
1165 2014 1250 2055 and
1281 2013 1546 2056 Commodus
1575 2014 1685 2054 {vere

122 2085 293 2128 deified.

212 2170 250 2211 p.
274 2157 328 2197 46
352 2155 376 2196 l.
401 2157 455 2196 28
479 2166 681 2196 ACCEPTO
715 2166 865 2196 FERRE
899 2156 1012 2209 (-um
1034 2154 1160 2211 ferre
1186 2169 1232 2195 or
1259 2153 1423 2209 referre
1452 2152 1540 2194 Cio.
1564 2151 1683 2194 Caes.

126 2225 231 2267 Hor.
251 2225 285 2279 )(
300 2227 557 2281 expensum).
610 2225 665 2266 ad
696 2230 783 2266 nab.
812 2236 828 2265 Ι
859 2226 881 2266 7
906 2239 946 2280 p.
971 2224 1072 2266 701.
1099 2226 1150 2264 12
1183 2223 1309 2264 Wiss.
1343 2228 1524 2264 ceterum
1554 2237 1685 2277 quam

125 2310 289 2336 uanum
316 2301 377 2337 est
406 2295 618 2351 profanos
646 2295 754 2336 scire
783 2295 892 2350 quod
920 2295 1079 2336 nesciat
1107 2293 1336 2335 sacerdos!
1385 2298 1521 2334 tacent
1551 2293 1687 2347 iyitur
1705 2310 1750 2341 30

124 2370 162 2407 et
184 2371 349 2420 accepto
368 2365 532 2421 ferunt.
577 2364 743 2406 Paulin.
763 2364 860 2405 Nol.
881 2364 958 2420 Ep.
983 2367 1034 2405 11
1061 2367 1085 2406 9
1108 2379 1169 2419 pr.
1216 2362 1377 2418 [Study
1399 2362 1447 2403 of
1462 2362 1684 2404 Ambrosi-

123 2440 242 2476 asber
262 2449 300 2490 p.
327 2434 392 2484 79,
415 2435 501 2475 and
523 2435 647 2476 Thes.
672 2446 688 2475 I
711 2436 792 2476 321
820 2436 873 2474 82
897 2434 938 2475 ff.
996 2433 1046 2475 A.
1071 2432 1133 2487 8.]

214 2519 252 2560 p.
276 2507 330 2546 46
354 2505 378 2546 l.
402 2507 457 2546 30
480 2515 785 2545 LARENTINAM
828 2519 859 2546 c.
898 2506 949 2545 25
987 2503 1055 2544 bis
1091 2518 1129 2558 p.
1165 2504 1218 2544 86
1254 2502 1278 2543 1.
1313 2503 1367 2542 28
1402 2516 1440 2557 p.
1471 2504 1526 2542 88
1564 2501 1588 2542 l.
1619 2504 1684 2543 23.

126 2574 287 2615 Minue.
321 2576 374 2615 25
411 2572 476 2630 §9
514 2589 615 2616 sane
651 2580 688 2616 et
723 2575 843 2616 Acca
873 2574 1083 2615 Larentia
1115 2579 1152 2614 et
1182 2573 1318 2613 Flora
1348 2572 1586 2613 meretrices
1617 2572 1684 2625 [ef.

126 2645 329 2700 Ps.-Aug.
367 2645 544 2697 Quaesb.
585 2647 668 2686 114
709 2644 786 2701 ἓ9.
829 2645 880 2686 A.
919 2644 983 2698 S.]
1028 2643 1320 2699 propudiosae
1369 2642 1482 2683 inter
1520 2641 1686 2683 morbos
1705 2659 1748 2691 35

127 2714 423 2755 Romanorum
464 2720 500 2756 et
542 2714 638 2756 deos
679 2714 997 2768 computandae.
1060 2713 1221 2753 Arnob.
1258 2723 1275 2751 Ι
1318 2713 1372 2752 28
1410 2726 1464 2751 111.
1496 2712 1542 2751 in
1579 2711 1685 2752 ciui-

79 2823 81 2826 .
126 2784 283 2825 tatibus
319 2784 524 2825 maximis
557 2790 681 2839 atque
717 2784 764 2824 in
799 2782 1108 2838 potentioribus
1143 2781 1321 2837 populis
1354 2795 1481 2822 sacra
1520 2780 1685 2835 publice

119 2852 236 2907 fiunt
271 2852 420 2894 scortis
455 2853 689 2894 meritoriis
725 2852 939 2907 quondam
976 2858 1100 2906 atque
1135 2851 1179 2892 in
1212 2851 1433 2905 ‘uolyarem
1465 2849 1683 2891 libidinem
