1975 3306
97 170 140 211 p.
164 156 269 198 501.
298 157 364 210 11]
558 156 1004 199 APOLOGETICVS
1041 158 1104 207 14,
1142 158 1192 198 15
1580 157 1662 198 243

98 270 235 312 nitam
260 270 493 312 stultitiam
514 272 702 313 transire
719 285 877 326 passus
898 277 967 312 est.
1020 270 1123 313 ibid.
1147 282 1179 311 X
1201 271 1332 326 praef.
1355 270 1375 327 ξ
1398 273 1432 312 2,
1496 286 1606 313 suas.
1637 273 1660 312 2

96 338 116 396 ξ
140 342 204 381 12.
268 339 368 382 Sen.
392 339 539 383 Consb.
565 340 665 397 Sap.
691 340 742 382 17
766 339 786 397 ξ
808 343 833 381 3
869 340 1104 390 Vatinium,
1127 340 1339 382 hominem
1369 347 1517 383 natum
1546 347 1583 382 et
1605 341 1663 383 ad

98 410 234 451 risum
277 416 313 452 et
355 410 414 452 ad
455 411 612 460 odium,
644 425 842 452 scurram
877 409 1024 466 fuisse
1066 416 1103 452 et
1144 417 1364 452 uenustum
1400 417 1437 452 et
1474 411 1663 453 dicacem

98 480 327 522 memoriae
351 481 579 536 proditum
611 487 681 523 est.

187 561 334 591 MIMOS
363 556 444 593 cet.
506 551 620 607 Aug.
643 551 711 592 De
735 550 830 593 Ciu.
850 550 934 592 Dei
953 562 1001 591 IV
1020 552 1084 592 26.
1133 550 1294 592 Minue.
1315 550 1367 593 :37
1391 549 1410 607 ἓ
1430 552 1494 592 12.
1533 549 1662 606 Cypr.
1683 570 1702 601 5

93 619 152 660 ad
175 620 333 661 Donat.
357 622 382 661 8
401 620 472 662 fin.
495 636 534 677 p.
561 623 625 662 10.
678 620 840 662 Arnob.
864 632 913 661 IV
937 622 991 662 36
1014 620 1145 662 etiam
1168 620 1313 662 mimis
1341 626 1379 662 et
1406 620 1662 662 scurrilibus

96 690 282 732 ludicris
319 691 690 733 sanctissimorum
715 706 925 746 personae
961 692 1293 747 interponuntm
1329 692 1517 741 deorum,
1548 698 1585 734 et
1617 697 1664 733 ‘ut

93 762 401 816 spectatoribus
432 762 582 804 uacuis
613 762 728 803 risus
764 762 901 817 possit
933 768 1058 817 atque
1089 762 1296 803 hilaritas
1327 762 1519 811 est-citari,
1550 762 1663 804 iocu-

95 830 264 872 larib'us
287 830 519 886 feriuntur
550 831 901 873 cauillationibus
939 830 1292 886 nmnina...quod
1323 831 1361 872 si
1390 830 1558 874 haberet
1592 846 1665 873 uos

96 901 250 956 aliqua
275 902 427 943 uestris
451 917 535 957 pro
557 901 833 957 rel‘iyionibus
854 901 1108 957 indiffliatio,
1130 902 1209 943 has
1233 902 1380 956 potius
1402 902 1569 943 litteras
1590 916 1664 944 ‘uos
1685 923 1728 945 10

99 986 274 1014 ea‘urere
305 972 506 1014 debuistis
539 972 654 1022 olim,
688 972 818 1015 lib-ros
849 974 951 1015 istos
982 973 1194 1022 demoliri,
1227 973 1460 1015 dissoluere
1496 972 1663 1015 theatra

95 1041 200 1084 haec
229 1043 385 1098 potius,
417 1043 463 1084 in
495 1043 645 1098 quibus
685 1042 899 1098 infamiae
932 1043 1158 1084 numinum
1192 1043 1472 1098 propudiosis
1511 1042 1664 1085 cotidie

93 1112 374 1168 publicantur
395 1114 441 1154 in
452 1113 637 1169 fabulis.
691 1116 745 1156 35
770 1114 934 1170 (partly
956 1113 1073 1155 cited
1097 1113 1265 1167 below).
1319 1113 1662 1155 P1·udent.Pe1-i-

100 1183 241 1239 steph.
260 1195 291 1224 X
307 1186 539 1225 220-230
554 1199 631 1226 cur
647 1185 691 1225 in
709 1184 888 1226 theatris
904 1190 941 1226 te
958 1184 1128 1226 uidente
1145 1183 1192 1225 id
1202 1183 1465 1238 plauditur?
1484 1184 1487 1231 Ι
1506 1199 1664 1240 cyynus

100 1258 321 1308 stuprator
360 1259 509 1309 peccat
546 1254 659 1296 inter
692 1254 881 1310 pulpita,
910 1253 915 1310 Ι
944 1254 1076 1295 saltat
1118 1259 1333 1295 tonantem
1375 1254 1662 1296 tauricornem
1684 1271 1726 1302 15

97 1322 259 1372 ludius,
287 1322 292 1378 Ι
321 1329 532 1378 spectator
572 1323 725 1365 horum
763 1323 957 1379 pontifeae
987 1337 1179 1364 summus
1210 1322 1336 1371 sedes,
1364 1321 1368 1378 Ι
1399 1323 1595 1378 ridesque
1626 1330 1664 1365 et

100 1393 202 1447 ipse,
226 1408 300 1434 nec
333 1393 523 1448 neyando
556 1393 704 1442 diluis,
734 1394 738 1450 Ι
767 1409 861 1436 cum
882 1393 1017 1450 fama
1043 1393 1153 1434 tanti
1177 1392 1408 1448 polluatur
1432 1393 1633 1435 numinis.
1659 1392 1661 1447 Ι

97 1477 179 1504 cur
205 1469 261 1513 tu,
283 1469 461 1513 sacrate,
477 1478 560 1518 per
591 1464 815 1506 cachinnos
846 1463 1038 1513 solueris,
1065 1461 1070 1519 Ι
1100 1477 1195 1504 cum
1225 1477 1268 1504 se
1300 1463 1508 1504 maritum
1530 1463 1664 1518 finyit

102 1533 339 1575 Alcmenae
370 1533 484 1582 deus,
512 1532 515 1589 Ι
548 1533 753 1575 meretrix
783 1533 979 1575 Adonem
1008 1532 1282 1573 uulneratum
1311 1533 1506 1574 scaenica
1532 1531 1536 1588 Ι
1569 1533 1663 1574 libi-

99 1602 250 1644 dinoso
266 1603 445 1658 planyit
471 1602 644 1659 adfectu
666 1603 830 1657 palam,
858 1603 863 1658 Ι
890 1617 963 1644 nec
989 1607 1026 1644 te
1054 1602 1245 1656 lupanar
1270 1600 1473 1657 Cypridis
1494 1608 1665 1644 sanctae
1685 1619 1729 1641 20

104 1674 274 1715 mouet?
336 1672 399 1715 Cf.
423 1673 542 1714 Lact.
564 1684 594 1713 V
624 1674 678 1714 10
700 1670 738 1729 ἐξ
764 1675 814 1713 15
841 1674 907 1721 16,
931 1674 985 1713 20
1007 1672 1026 1728 ξ
1050 1674 1102 1712 12
1128 1677 1173 1713 at
1194 1671 1307 1713 enim
1327 1672 1537 1727 puniendi
1557 1678 1665 1721 sunt,

100 1743 179 1797 qui
217 1742 441 1784 destruunt
475 1741 715 1796 reliyiones.
778 1757 879 1782 num
910 1741 1037 1797 peius
1070 1756 1142 1783 nos
1175 1741 1446 1790 destruimus,
1477 1756 1660 1796 quam...

104 1812 219 1853 idem
241 1813 338 1867 ipsi,
361 1813 436 1868 qui
457 1827 553 1854 cum
575 1812 672 1854 deos
694 1812 829 1854 colere
849 1826 891 1853 se
913 1812 1070 1861 dicant,
1093 1817 1234 1853 tamen
1255 1826 1322 1853 eos
1337 1812 1505 1867 publice
1527 1811 1666 1867 turpi-

101 1887 247 1937 terque
268 1882 473 1931 derident,
496 1881 547 1923 de
569 1881 718 1936 quibus
741 1881 870 1923 etiam
889 1882 1039 1923 mimos
1062 1881 1135 1935 ayi
1157 1896 1251 1923 cum
1273 1881 1367 1922 risu
1389 1887 1427 1923 et
1448 1881 1666 1936 uoluptate

101 1951 348 2006 patiuntur.
392 1950 509 2007 Epit.
534 1953 586 1992 55
610 1950 682 2007 §3
717 1952 771 1993 63
793 1949 812 2007 ξ
835 1953 872 1993 6.
914 1951 1028 2007 Aug.
1051 1950 1148 1993 Ciu.
1166 1950 1251 1992 Dei
1274 1962 1324 1990 IV
1343 1952 1396 1992 26
1421 1965 1454 1992 e.
1469 1965 1507 2006 g.
1526 1952 1563 2004 (I
1583 1949 1664 1993 179
1686 1971 1729 2002 25

109 2021 132 2062 7
166 2022 247 2076 sq.)
277 2021 325 2062 in
360 2021 453 2062 illis
489 2026 596 2063 certe
632 2021 747 2062 ludis
783 2021 952 2076 poetica
988 2021 1213 2062 numinum
1250 2021 1436 2062 crimina
1467 2020 1665 2076 frequen-

102 2095 267 2140 tantur,
301 2091 378 2146 qui
413 2090 511 2132 ludi
544 2090 782 2145 coyentib‘us
818 2091 1062 2132 numinibus
1098 2091 1216 2131 iussu
1247 2096 1418 2131 senatus
1447 2090 1665 2132 instaura-

109 2160 275 2202 bantur.
331 2161 378 2201 in
406 2161 498 2201 illis
528 2160 642 2202 ludis
671 2167 959 2216 corruptorem
975 2160 1217 2215 pudicitiae
1245 2159 1396 2201 Iouem
1425 2160 1668 2215 turpissimi

101 2230 331 2272 histriones
359 2230 587 2272 cantabant
615 2230 794 2286 ayebant
814 2230 1052 2285 placebant.

196 2316 235 2357 p.
260 2302 361 2343 501.
387 2304 438 2342 11
473 2312 693 2343 STROPHIS
724 2301 791 2343 De
824 2302 968 2357 Spect.
994 2304 1046 2344 29
1080 2301 1251 2343 Oehler.
1320 2301 1431 2342 Adu.
1461 2300 1665 2342 Marcion.
1686 2323 1731 2354 30

110 2381 164 2410 ΙΙΙ
188 2372 242 2412 10
265 2370 376 2412 med.
425 2370 493 2412 De
515 2371 661 2412 Anim.
687 2373 740 2412 28
764 2386 802 2427 p.
827 2371 909 2412 347
934 2372 959 2413 l.
979 2373 1032 2412 32
1052 2370 1177 2412 Wiss.
1232 2370 1401 2411 Petron.
1426 2372 1492 2413 60.
1544 2371 1666 2413 Hier.

110 2439 188 2496 Ep.
231 2442 286 2481 88
324 2443 381 2496 (p.
426 2439 550 2494 537b)
591 2441 897 2483 haereticorum
939 2456 1018 2483 -as.
1082 2443 1164 2482 133
1205 2442 1228 2480 2
1271 2439 1455 2494 (1027a).
1519 2439 1665 2483 Contr.

110 2509 253 2552 Rufin.
276 2522 311 2551 ΙΙ
336 2513 390 2552 20
413 2511 437 2552 f.
460 2512 584 2567 quasi
608 2512 788 2553 mimum
815 2512 1091 2553 Philistionis
1119 2511 1186 2552 uel
1215 2510 1388 2552 Lentuli
1408 2526 1457 2553 ac
1480 2511 1668 2553 Marulli

104 2580 329 2635 stropham
351 2581 533 2635 eleyanti
553 2596 740 2623 sermone
763 2582 994 2636 confictam.

200 2662 451 2691 MASCVLVM
488 2662 651 2692 LVNAM
688 2651 790 2692 deus
819 2651 968 2692 Lunus
1002 2651 1108 2703 Μήν
1138 2649 1185 2691 in
1220 2649 1428 2706 Spartian
1460 2650 1608 2693 Carae.
1641 2653 1665 2693 6
1687 2669 1730 2700 35

108 2716 132 2774 ἓ
160 2721 196 2760 7.
259 2720 608 2761 Preller-Jordan
633 2731 669 2761 ΙΙ
695 2722 778 2760 411
803 2722 854 2761 4:
885 2719 1035 2761 ‘Auch
1057 2719 1134 2760 der
1161 2719 1269 2760 deus
1290 2719 1443 2761 Lunus
1464 2722 1545 2762 auf
1566 2721 1667 2762 dem

112 2802 165 2847 zu
194 2788 346 2830 Boden
377 2790 654 2845 gestreckten
686 2789 830 2831 Stiere
861 2790 941 2830 auf
966 2789 1110 2830 einen]
1140 2788 1402 2831 Vobivrelief
1423 2805 1501 2831 aus
1524 2790 1668 2831 Koula

109 2856 159 2898 jn
197 2857 417 2914 Phrygien
452 2858 524 2900 bei
560 2859 718 2900 Texier
749 2858 854 2901 Asie
888 2858 1090 2900 Mineure
1123 2870 1139 2899 Ι
1174 2861 1226 2900 51
1263 2861 1317 2900 52
1349 2859 1408 2901 ist
1439 2859 1536 2901 eine
1568 2860 1667 2901 dem

1427 2945 1556 2982 16-2
