<?xml version="1.0" encoding="UTF-8"?>
<!DOCTYPE html PUBLIC "-//W3C//DTD XHTML 1.0 Transitional//EN"
    "http://www.w3.org/TR/xhtml1/DTD/xhtml1-transitional.dtd">
<html xmlns="http://www.w3.org/1999/xhtml" xml:lang="en" lang="en">
 <head>
  <title>
</title>
<meta http-equiv="Content-Type" content="text/html;charset=utf-8" />
  <meta name='ocr-system' content='tesseract 3.04.00' />
  <meta name='ocr-capabilities' content='ocr_page ocr_carea ocr_par ocr_line ocrx_word'/>
</head>
<body>
  <div class='ocr_page' id='page_1' title='image "./qseptimiflorenti00tert_0034.png"; bbox 0 0 1975 3306; ppageno 0'>
   <div class='ocr_carea' id='block_1_1' title="bbox 201 190 1185 232">
    <p class='ocr_par' dir='ltr' id='par_1_1' title="bbox 201 190 1185 232">
     <span class='ocr_line' id='line_1_1' title="bbox 201 190 1185 232; baseline 0.004 -4"><span class='ocrx_word' id='word_1_1' title='bbox 201 190 251 229; x_wconf 92' lang='grc'>10</span> <span class='ocrx_word' id='word_1_2' title='bbox 779 190 1185 232; x_wconf 87' lang='lat' dir='ltr'><strong>TERTVLLIANI</strong></span> 
     </span>
    </p>
   </div>
   <div class='ocr_carea' id='block_1_2' title="bbox 194 304 1834 2856">
    <p class='ocr_par' dir='ltr' id='par_1_2' title="bbox 194 304 1834 2856">
     <span class='ocr_line' id='line_1_2' title="bbox 196 304 1766 361; baseline 0.003 -16"><span class='ocrx_word' id='word_1_3' title='bbox 196 304 351 359; x_wconf 90' lang='lat' dir='ltr'>utique</span> <span class='ocrx_word' id='word_1_4' title='bbox 383 320 592 361; x_wconf 80' lang='lat' dir='ltr'>negemus</span> <span class='ocrx_word' id='word_1_5' title='bbox 625 311 669 347; x_wconf 88' lang='lat' dir='ltr'>et</span> <span class='ocrx_word' id='word_1_6' title='bbox 699 306 873 356; x_wconf 87' lang='lat' dir='ltr'>scelera,</span> <span class='ocrx_word' id='word_1_7' title='bbox 909 305 963 347; x_wconf 90' lang='lat' dir='ltr'>de</span> <span class='ocrx_word' id='word_1_8' title='bbox 995 306 1156 361; x_wconf 79' lang='lat' dir='ltr'>quibus</span> <span class='ocrx_word' id='word_1_9' title='bbox 1189 321 1241 347; x_wconf 84' lang='lat' dir='ltr'>ex</span> <span class='ocrx_word' id='word_1_10' title='bbox 1275 307 1545 349; x_wconf 78' lang='lat' dir='ltr'>confessione</span> <span class='ocrx_word' id='word_1_11' title='bbox 1576 308 1766 350; x_wconf 88' lang='lat' dir='ltr'>nominis</span> 
     </span>
     <span class='ocr_line' id='line_1_3' title="bbox 196 383 1765 442; baseline 0.003 -19"><span class='ocrx_word' id='word_1_12' title='bbox 196 384 602 438; x_wconf 84' lang='lat' dir='ltr'>praesumpseratis.</span> <span class='ocrx_word' id='word_1_13' title='bbox 664 383 762 433; x_wconf 83' lang='lat' dir='ltr'>Sed,</span> <span class='ocrx_word' id='word_1_14' title='bbox 809 385 976 439; x_wconf 82' lang='lat' dir='ltr'>opinor,</span> <span class='ocrx_word' id='word_1_15' title='bbox 1022 400 1111 426; x_wconf 91' lang='lat' dir='ltr'>non</span> <span class='ocrx_word' id='word_1_16' title='bbox 1155 385 1290 427; x_wconf 70' lang='lat' dir='ltr'>uultis</span> <span class='ocrx_word' id='word_1_17' title='bbox 1334 401 1413 428; x_wconf 91' lang='lat' dir='ltr'>nos</span> <span class='ocrx_word' id='word_1_18' title='bbox 1457 386 1608 441; x_wconf 89' lang='lat' dir='ltr'>perire,</span> <span class='ocrx_word' id='word_1_19' title='bbox 1655 402 1765 442; x_wconf 91' lang='lat' dir='ltr'>quos</span> 
     </span>
     <span class='ocr_line' id='line_1_4' title="bbox 196 462 1762 521; baseline 0.003 -19"><span class='ocrx_word' id='word_1_20' title='bbox 196 462 407 516; x_wconf 89' lang='lat' dir='ltr'>pessimos</span> <span class='ocrx_word' id='word_1_21' title='bbox 449 462 637 504; x_wconf 86' lang='lat' dir='ltr'>creditis.</span> <span class='ocrx_word' id='word_1_22' title='bbox 700 463 768 504; x_wconf 83' lang='lat' dir='ltr'>Sic</span> <span class='ocrx_word' id='word_1_23' title='bbox 811 464 926 505; x_wconf 92' lang='lat' dir='ltr'>enim</span> <span class='ocrx_word' id='word_1_24' title='bbox 967 464 1116 506; x_wconf 87' lang='lat' dir='ltr'>soletis</span> <span class='ocrx_word' id='word_1_25' title='bbox 1157 464 1298 506; x_wconf 80' lang='lat' dir='ltr'>dicere</span> <span class='ocrx_word' id='word_1_26' title='bbox 1340 465 1585 507; x_wconf 82' lang='lat' dir='ltr'>homicidae</span> <span class='ocrx_word' id='word_1_27' title='bbox 1627 465 1762 521; x_wconf 86' lang='lat' dir='ltr'>Nega,</span> 
     </span>
     <span class='ocr_line' id='line_1_5' title="bbox 194 540 1765 598; baseline 0.003 -17"><span class='ocrx_word' id='word_1_28' title='bbox 194 540 349 581; x_wconf 90' lang='lat' dir='ltr'>laniari</span> <span class='ocrx_word' id='word_1_29' title='bbox 383 541 531 582; x_wconf 90' lang='lat' dir='ltr'>iubere</span> <span class='ocrx_word' id='word_1_30' title='bbox 565 542 837 597; x_wconf 85' lang='lat' dir='ltr'>sacrilegum,</span> <span class='ocrx_word' id='word_1_31' title='bbox 874 542 908 584; x_wconf 92' lang='lat' dir='ltr'>si</span> <span class='ocrx_word' id='word_1_32' title='bbox 944 542 1142 584; x_wconf 85' lang='lat' dir='ltr'>confiteri</span> <span class='ocrx_word' id='word_1_33' title='bbox 1176 544 1536 598; x_wconf 89' lang='lat' dir='ltr'>perseuerauerit.</span> <span class='ocrx_word' id='word_1_34' title='bbox 1597 543 1641 585; x_wconf 82' lang='lat' dir='ltr'>Si</span> <span class='ocrx_word' id='word_1_35' title='bbox 1675 558 1765 585; x_wconf 93' lang='lat' dir='ltr'>non</span> 
     </span>
     <span class='ocr_line' id='line_1_6' title="bbox 195 618 1806 676; baseline 0.004 -17"><span class='ocrx_word' id='word_1_36' title='bbox 195 618 260 659; x_wconf 89' lang='lat' dir='ltr'>ita</span> <span class='ocrx_word' id='word_1_37' title='bbox 284 619 413 674; x_wconf 87' lang='lat' dir='ltr'>agitis</span> <span class='ocrx_word' id='word_1_38' title='bbox 437 619 549 660; x_wconf 84' lang='lat' dir='ltr'>circa</span> <span class='ocrx_word' id='word_1_39' title='bbox 572 635 652 661; x_wconf 93' lang='lat' dir='ltr'>nos</span> <span class='ocrx_word' id='word_1_40' title='bbox 675 626 895 671; x_wconf 79' lang='lat' dir='ltr'>nocentes,</span> <span class='ocrx_word' id='word_1_41' title='bbox 916 635 1016 676; x_wconf 89' lang='lat' dir='ltr'>ergo</span> <span class='ocrx_word' id='word_1_42' title='bbox 1040 635 1118 662; x_wconf 92' lang='lat' dir='ltr'>nos</span> <span class='ocrx_word' id='word_1_43' title='bbox 1141 621 1522 664; x_wconf 87' lang='lat' dir='ltr'>innocentissimos</span> <span class='ocrx_word' id='word_1_44' title='bbox 1544 622 1762 672; x_wconf 78' lang='lat' dir='ltr'>iudjcatis,</span> <span class='ocrx_word' id='word_1_45' title='bbox 1785 635 1806 667; x_wconf 87' lang='lat'>5</span> 
     </span>
     <span class='ocr_line' id='line_1_7' title="bbox 197 699 1763 756; baseline 0.002 -17"><span class='ocrx_word' id='word_1_46' title='bbox 197 711 297 739; x_wconf 84' lang='lat' dir='ltr'>cum</span> <span class='ocrx_word' id='word_1_47' title='bbox 333 699 458 753; x_wconf 82' lang='lat' dir='ltr'>quasi</span> <span class='ocrx_word' id='word_1_48' title='bbox 491 699 873 741; x_wconf 88' lang='lat' dir='ltr'>innocentissimos</span> <span class='ocrx_word' id='word_1_49' title='bbox 907 714 996 740; x_wconf 90' lang='lat' dir='ltr'>non</span> <span class='ocrx_word' id='word_1_50' title='bbox 1031 700 1166 742; x_wconf 90' lang='lat' dir='ltr'>uultis</span> <span class='ocrx_word' id='word_1_51' title='bbox 1200 701 1245 742; x_wconf 89' lang='lat' dir='ltr'>in</span> <span class='ocrx_word' id='word_1_52' title='bbox 1281 716 1331 742; x_wconf 88' lang='lat' dir='ltr'>ea</span> <span class='ocrx_word' id='word_1_53' title='bbox 1366 701 1636 743; x_wconf 81' lang='lat' dir='ltr'>confessione</span> <span class='ocrx_word' id='word_1_54' title='bbox 1670 715 1763 756; x_wconf 89' lang='lat' dir='ltr'>per-</span> 
     </span>
     <span class='ocr_line' id='line_1_8' title="bbox 195 779 1765 832; baseline 0.003 -15"><span class='ocrx_word' id='word_1_55' title='bbox 195 790 408 827; x_wconf 86' lang='lat' dir='ltr'>seuerare,</span> <span class='ocrx_word' id='word_1_56' title='bbox 444 792 578 832; x_wconf 92' lang='lat' dir='ltr'>quam</span> <span class='ocrx_word' id='word_1_57' title='bbox 611 779 886 829; x_wconf 76' lang='lat' dir='ltr'>necessitate,</span> <span class='ocrx_word' id='word_1_58' title='bbox 921 793 1009 820; x_wconf 91' lang='lat' dir='ltr'>non</span> <span class='ocrx_word' id='word_1_59' title='bbox 1041 779 1212 820; x_wconf 87' lang='lat' dir='ltr'>iustitia</span> <span class='ocrx_word' id='word_1_60' title='bbox 1246 779 1548 821; x_wconf 80' lang='lat' dir='ltr'>damnandam</span> <span class='ocrx_word' id='word_1_61' title='bbox 1581 794 1606 820; x_wconf 90' lang='lat' dir='ltr'>a</span> <span class='ocrx_word' id='word_1_62' title='bbox 1638 779 1765 821; x_wconf 84' lang='lat' dir='ltr'>uobis</span> 
     </span>
     <span class='ocr_line' id='line_1_9' title="bbox 196 854 1763 907; baseline 0.001 -11"><span class='ocrx_word' id='word_1_63' title='bbox 196 854 358 896; x_wconf 84' lang='lat' dir='ltr'>sciatis.</span> <span class='ocrx_word' id='word_1_64' title='bbox 420 855 698 897; x_wconf 72' lang='lat' dir='ltr'>Vociferatur</span> <span class='ocrx_word' id='word_1_65' title='bbox 722 857 876 898; x_wconf 86' lang='lat' dir='ltr'>homo:</span> <span class='ocrx_word' id='word_1_66' title='bbox 919 857 1194 899; x_wconf 80' lang='lat' dir='ltr'>Christianus</span> <span class='ocrx_word' id='word_1_67' title='bbox 1216 872 1328 899; x_wconf 89' lang='lat' dir='ltr'>sum.</span> <span class='ocrx_word' id='word_1_68' title='bbox 1391 857 1519 907; x_wconf 87' lang='lat' dir='ltr'>Quod</span> <span class='ocrx_word' id='word_1_69' title='bbox 1543 863 1610 899; x_wconf 88' lang='lat' dir='ltr'>est</span> <span class='ocrx_word' id='word_1_70' title='bbox 1633 857 1763 907; x_wconf 77' lang='lat' dir='ltr'>dicit3</span> 
     </span>
     <span class='ocr_line' id='line_1_10' title="bbox 196 932 1766 990; baseline 0.002 -17"><span class='ocrx_word' id='word_1_71' title='bbox 196 937 248 973; x_wconf 91' lang='lat' dir='ltr'>tu</span> <span class='ocrx_word' id='word_1_72' title='bbox 274 932 341 974; x_wconf 88' lang='lat' dir='ltr'>uis</span> <span class='ocrx_word' id='word_1_73' title='bbox 368 933 519 974; x_wconf 86' lang='lat' dir='ltr'>audire</span> <span class='ocrx_word' id='word_1_74' title='bbox 548 933 666 988; x_wconf 92' lang='lat' dir='ltr'>quod</span> <span class='ocrx_word' id='word_1_75' title='bbox 692 949 781 975; x_wconf 91' lang='lat' dir='ltr'>non</span> <span class='ocrx_word' id='word_1_76' title='bbox 809 940 888 975; x_wconf 90' lang='lat' dir='ltr'>est.</span> <span class='ocrx_word' id='word_1_77' title='bbox 950 934 1161 976; x_wconf 82' lang='lat' dir='ltr'>Veritatis</span> <span class='ocrx_word' id='word_1_78' title='bbox 1189 935 1519 989; x_wconf 79' lang='lat' dir='ltr'>extorquendae</span> <span class='ocrx_word' id='word_1_79' title='bbox 1545 934 1766 990; x_wconf 83' lang='lat' dir='ltr'>praesides</span> 
     </span>
     <span class='ocr_line' id='line_1_11' title="bbox 197 1012 1834 1070; baseline 0.001 -17"><span class='ocrx_word' id='word_1_80' title='bbox 197 1012 250 1053; x_wconf 91' lang='lat' dir='ltr'>de</span> <span class='ocrx_word' id='word_1_81' title='bbox 275 1013 402 1054; x_wconf 92' lang='lat' dir='ltr'>nobis</span> <span class='ocrx_word' id='word_1_82' title='bbox 426 1014 528 1055; x_wconf 84' lang='lat' dir='ltr'>solis</span> <span class='ocrx_word' id='word_1_83' title='bbox 552 1014 832 1056; x_wconf 88' lang='lat' dir='ltr'>mendacium</span> <span class='ocrx_word' id='word_1_84' title='bbox 858 1015 1094 1057; x_wconf 90' lang='lat' dir='ltr'>elaboratis</span> <span class='ocrx_word' id='word_1_85' title='bbox 1118 1016 1282 1057; x_wconf 86' lang='lat' dir='ltr'>audire.</span> <span class='ocrx_word' id='word_1_86' title='bbox 1344 1016 1442 1057; x_wconf 86' lang='lat' dir='ltr'>Hoc</span> <span class='ocrx_word' id='word_1_87' title='bbox 1466 1031 1577 1066; x_wconf 89' lang='lat' dir='ltr'>sum,</span> <span class='ocrx_word' id='word_1_88' title='bbox 1603 1016 1762 1070; x_wconf 85' lang='lat' dir='ltr'>inquit,</span> <span class='ocrx_word' id='word_1_89' title='bbox 1789 1032 1834 1055; x_wconf 92' lang='lat'>10</span> 
     </span>
     <span class='ocr_line' id='line_1_12' title="bbox 197 1095 1763 1152; baseline 0.001 -17"><span class='ocrx_word' id='word_1_90' title='bbox 197 1095 317 1149; x_wconf 90' lang='lat' dir='ltr'>quod</span> <span class='ocrx_word' id='word_1_91' title='bbox 346 1096 518 1150; x_wconf 84' lang='lat' dir='ltr'>quaeris</span> <span class='ocrx_word' id='word_1_92' title='bbox 546 1110 603 1136; x_wconf 88' lang='lat' dir='ltr'>an</span> <span class='ocrx_word' id='word_1_93' title='bbox 631 1097 726 1138; x_wconf 87' lang='lat' dir='ltr'>sim.</span> <span class='ocrx_word' id='word_1_94' title='bbox 790 1096 905 1146; x_wconf 88' lang='lat' dir='ltr'>Quid</span> <span class='ocrx_word' id='word_1_95' title='bbox 932 1111 1002 1138; x_wconf 91' lang='lat' dir='ltr'>me</span> <span class='ocrx_word' id='word_1_96' title='bbox 1030 1102 1209 1152; x_wconf 87' lang='lat' dir='ltr'>torques</span> <span class='ocrx_word' id='word_1_97' title='bbox 1236 1098 1281 1138; x_wconf 92' lang='lat' dir='ltr'>in</span> <span class='ocrx_word' id='word_1_98' title='bbox 1310 1098 1591 1152; x_wconf 68' lang='lat' dir='ltr'>peruersum?</span> <span class='ocrx_word' id='word_1_99' title='bbox 1655 1097 1763 1138; x_wconf 82' lang='lat' dir='ltr'>Con-</span> 
     </span>
     <span class='ocr_line' id='line_1_13' title="bbox 195 1176 1766 1235; baseline 0.001 -18"><span class='ocrx_word' id='word_1_100' title='bbox 195 1176 335 1227; x_wconf 87' lang='lat' dir='ltr'>fiteor,</span> <span class='ocrx_word' id='word_1_101' title='bbox 384 1183 428 1217; x_wconf 85' lang='lat' dir='ltr'>et</span> <span class='ocrx_word' id='word_1_102' title='bbox 473 1184 674 1232; x_wconf 86' lang='lat' dir='ltr'>torques:</span> <span class='ocrx_word' id='word_1_103' title='bbox 739 1178 845 1233; x_wconf 81' lang='lat' dir='ltr'>quid</span> <span class='ocrx_word' id='word_1_104' title='bbox 890 1179 1067 1230; x_wconf 79' lang='lat' dir='ltr'>faceres,</span> <span class='ocrx_word' id='word_1_105' title='bbox 1115 1179 1150 1221; x_wconf 90' lang='lat' dir='ltr'>si</span> <span class='ocrx_word' id='word_1_106' title='bbox 1195 1181 1426 1235; x_wconf 78' lang='lat' dir='ltr'>negarem?</span> <span class='ocrx_word' id='word_1_107' title='bbox 1490 1179 1626 1220; x_wconf 89' lang='lat' dir='ltr'>Plane</span> <span class='ocrx_word' id='word_1_108' title='bbox 1670 1178 1766 1219; x_wconf 89' lang='lat' dir='ltr'>aliis</span> 
     </span>
     <span class='ocr_line' id='line_1_14' title="bbox 195 1258 1764 1315; baseline 0 -16"><span class='ocrx_word' id='word_1_109' title='bbox 195 1258 462 1313; x_wconf 83' lang='lat' dir='ltr'>negantibus</span> <span class='ocrx_word' id='word_1_110' title='bbox 486 1273 574 1300; x_wconf 92' lang='lat' dir='ltr'>non</span> <span class='ocrx_word' id='word_1_111' title='bbox 598 1259 724 1300; x_wconf 75' lang='lat' dir='ltr'>facile</span> <span class='ocrx_word' id='word_1_112' title='bbox 748 1259 881 1301; x_wconf 90' lang='lat' dir='ltr'>fidem</span> <span class='ocrx_word' id='word_1_113' title='bbox 905 1261 1274 1302; x_wconf 87' lang='lat' dir='ltr'>accommodatis:</span> <span class='ocrx_word' id='word_1_114' title='bbox 1316 1260 1456 1311; x_wconf 91' lang='lat' dir='ltr'>nobis,</span> <span class='ocrx_word' id='word_1_115' title='bbox 1483 1260 1518 1301; x_wconf 93' lang='lat' dir='ltr'>si</span> <span class='ocrx_word' id='word_1_116' title='bbox 1541 1259 1764 1315; x_wconf 88' lang='lat' dir='ltr'>negaueri-</span> 
     </span>
     <span class='ocr_line' id='line_1_15' title="bbox 195 1341 1766 1397; baseline 0 -16"><span class='ocrx_word' id='word_1_117' title='bbox 195 1355 307 1391; x_wconf 89' lang='lat' dir='ltr'>mus,</span> <span class='ocrx_word' id='word_1_118' title='bbox 342 1341 496 1382; x_wconf 90' lang='lat' dir='ltr'>statim</span> <span class='ocrx_word' id='word_1_119' title='bbox 530 1341 718 1383; x_wconf 86' lang='lat' dir='ltr'>creditis.</span> <span class='ocrx_word' id='word_1_120' title='bbox 781 1342 994 1397; x_wconf 83' lang='lat' dir='ltr'>Suspecta</span> <span class='ocrx_word' id='word_1_121' title='bbox 1026 1343 1085 1385; x_wconf 88' lang='lat' dir='ltr'>sit</span> <span class='ocrx_word' id='word_1_122' title='bbox 1115 1343 1243 1384; x_wconf 91' lang='lat' dir='ltr'>uobis</span> <span class='ocrx_word' id='word_1_123' title='bbox 1276 1343 1362 1384; x_wconf 87' lang='lat' dir='ltr'>ista</span> <span class='ocrx_word' id='word_1_124' title='bbox 1399 1341 1676 1397; x_wconf 88' lang='lat' dir='ltr'>peruersitas,</span> <span class='ocrx_word' id='word_1_125' title='bbox 1711 1354 1766 1381; x_wconf 91' lang='lat' dir='ltr'>ne</span> 
     </span>
     <span class='ocr_line' id='line_1_16' title="bbox 197 1422 1831 1479; baseline 0.001 -17"><span class='ocrx_word' id='word_1_126' title='bbox 197 1435 285 1476; x_wconf 91' lang='lat' dir='ltr'>qua</span> <span class='ocrx_word' id='word_1_127' title='bbox 310 1422 376 1463; x_wconf 89' lang='lat' dir='ltr'>uis</span> <span class='ocrx_word' id='word_1_128' title='bbox 400 1422 540 1464; x_wconf 89' lang='lat' dir='ltr'>lateat</span> <span class='ocrx_word' id='word_1_129' title='bbox 563 1423 608 1464; x_wconf 92' lang='lat' dir='ltr'>in</span> <span class='ocrx_word' id='word_1_130' title='bbox 633 1423 819 1474; x_wconf 84' lang='lat' dir='ltr'>occulto,</span> <span class='ocrx_word' id='word_1_131' title='bbox 848 1438 961 1479; x_wconf 85' lang='lat' dir='ltr'>quae</span> <span class='ocrx_word' id='word_1_132' title='bbox 985 1438 1065 1465; x_wconf 91' lang='lat' dir='ltr'>uos</span> <span class='ocrx_word' id='word_1_133' title='bbox 1089 1424 1301 1465; x_wconf 89' lang='lat' dir='ltr'>aduersus</span> <span class='ocrx_word' id='word_1_134' title='bbox 1325 1424 1527 1474; x_wconf 80' lang='lat' dir='ltr'>formam,</span> <span class='ocrx_word' id='word_1_135' title='bbox 1554 1423 1765 1464; x_wconf 85' lang='lat' dir='ltr'>aduersus</span> <span class='ocrx_word' id='word_1_136' title='bbox 1789 1441 1831 1472; x_wconf 87' lang='lat'>ยน5</span> 
     </span>
     <span class='ocr_line' id='line_1_17' title="bbox 194 1503 1765 1561; baseline 0 -17"><span class='ocrx_word' id='word_1_137' title='bbox 194 1508 403 1544; x_wconf 88' lang='lat' dir='ltr'>naturam</span> <span class='ocrx_word' id='word_1_138' title='bbox 431 1503 669 1554; x_wconf 83' lang='lat' dir='ltr'>iudicandi,</span> <span class='ocrx_word' id='word_1_139' title='bbox 701 1510 854 1546; x_wconf 91' lang='lat' dir='ltr'>contra</span> <span class='ocrx_word' id='word_1_140' title='bbox 882 1505 1000 1560; x_wconf 89' lang='lat' dir='ltr'>ipsas</span> <span class='ocrx_word' id='word_1_141' title='bbox 1029 1520 1206 1561; x_wconf 90' lang='lat' dir='ltr'>quoque</span> <span class='ocrx_word' id='word_1_142' title='bbox 1233 1505 1348 1561; x_wconf 88' lang='lat' dir='ltr'>leges</span> <span class='ocrx_word' id='word_1_143' title='bbox 1376 1504 1609 1546; x_wconf 89' lang='lat' dir='ltr'>ministret.</span> <span class='ocrx_word' id='word_1_144' title='bbox 1671 1503 1765 1545; x_wconf 85' lang='lat' dir='ltr'>Nisi</span> 
     </span>
     <span class='ocr_line' id='line_1_18' title="bbox 196 1584 1766 1641; baseline 0.001 -16"><span class='ocrx_word' id='word_1_145' title='bbox 196 1584 324 1625; x_wconf 76' lang='lat' dir='ltr'>fallor</span> <span class='ocrx_word' id='word_1_146' title='bbox 356 1585 485 1635; x_wconf 89' lang='lat' dir='ltr'>enim,</span> <span class='ocrx_word' id='word_1_147' title='bbox 520 1585 636 1641; x_wconf 87' lang='lat' dir='ltr'>leges</span> <span class='ocrx_word' id='word_1_148' title='bbox 667 1586 806 1628; x_wconf 87' lang='lat' dir='ltr'>malos</span> <span class='ocrx_word' id='word_1_149' title='bbox 839 1587 930 1628; x_wconf 88' lang='lat' dir='ltr'>erui</span> <span class='ocrx_word' id='word_1_150' title='bbox 961 1586 1130 1637; x_wconf 89' lang='lat' dir='ltr'>iubent,</span> <span class='ocrx_word' id='word_1_151' title='bbox 1164 1602 1254 1629; x_wconf 92' lang='lat' dir='ltr'>non</span> <span class='ocrx_word' id='word_1_152' title='bbox 1286 1586 1510 1637; x_wconf 88' lang='lat' dir='ltr'>abscondi,</span> <span class='ocrx_word' id='word_1_153' title='bbox 1546 1586 1766 1628; x_wconf 81' lang='lat' dir='ltr'>confessos</span> 
     </span>
     <span class='ocr_line' id='line_1_19' title="bbox 196 1665 1765 1720; baseline 0 -14"><span class='ocrx_word' id='word_1_154' title='bbox 196 1665 397 1707; x_wconf 88' lang='lat' dir='ltr'>damnari</span> <span class='ocrx_word' id='word_1_155' title='bbox 424 1666 743 1720; x_wconf 87' lang='lat' dir='ltr'>praescribunt,</span> <span class='ocrx_word' id='word_1_156' title='bbox 772 1682 859 1708; x_wconf 93' lang='lat' dir='ltr'>non</span> <span class='ocrx_word' id='word_1_157' title='bbox 888 1667 1071 1708; x_wconf 83' lang='lat' dir='ltr'>absolui.</span> <span class='ocrx_word' id='word_1_158' title='bbox 1132 1667 1230 1709; x_wconf 87' lang='lat' dir='ltr'>Hoc</span> <span class='ocrx_word' id='word_1_159' title='bbox 1257 1666 1653 1715; x_wconf 87' lang='lat' dir='ltr'>senatusconsulta,</span> <span class='ocrx_word' id='word_1_160' title='bbox 1683 1666 1765 1707; x_wconf 93' lang='lat' dir='ltr'>hoc</span> 
     </span>
     <span class='ocr_line' id='line_1_20' title="bbox 195 1746 1765 1803; baseline 0.001 -16"><span class='ocrx_word' id='word_1_161' title='bbox 195 1746 445 1802; x_wconf 90' lang='lat' dir='ltr'>principum</span> <span class='ocrx_word' id='word_1_162' title='bbox 477 1747 690 1789; x_wconf 87' lang='lat' dir='ltr'>mandata</span> <span class='ocrx_word' id='word_1_163' title='bbox 722 1748 952 1790; x_wconf 89' lang='lat' dir='ltr'>definiunt.</span> <span class='ocrx_word' id='word_1_164' title='bbox 1014 1747 1111 1789; x_wconf 91' lang='lat' dir='ltr'>Hoc</span> <span class='ocrx_word' id='word_1_165' title='bbox 1142 1748 1388 1803; x_wconf 89' lang='lat' dir='ltr'>imperium,</span> <span class='ocrx_word' id='word_1_166' title='bbox 1423 1748 1546 1789; x_wconf 86' lang='lat' dir='ltr'>cuius</span> <span class='ocrx_word' id='word_1_167' title='bbox 1577 1747 1765 1788; x_wconf 87' lang='lat' dir='ltr'>ministri</span> 
     </span>
     <span class='ocr_line' id='line_1_21' title="bbox 197 1827 1832 1884; baseline 0.001 -16"><span class='ocrx_word' id='word_1_168' title='bbox 197 1827 313 1877; x_wconf 89' lang='lat' dir='ltr'>estis,</span> <span class='ocrx_word' id='word_1_169' title='bbox 357 1827 507 1878; x_wconf 88' lang='lat' dir='ltr'>ciuilis,</span> <span class='ocrx_word' id='word_1_170' title='bbox 550 1843 639 1869; x_wconf 92' lang='lat' dir='ltr'>non</span> <span class='ocrx_word' id='word_1_171' title='bbox 679 1829 912 1883; x_wconf 80' lang='lat' dir='ltr'>tyrannica</span> <span class='ocrx_word' id='word_1_172' title='bbox 953 1829 1197 1870; x_wconf 88' lang='lat' dir='ltr'>dominatio</span> <span class='ocrx_word' id='word_1_173' title='bbox 1239 1834 1317 1871; x_wconf 89' lang='lat' dir='ltr'>est.</span> <span class='ocrx_word' id='word_1_174' title='bbox 1378 1829 1511 1884; x_wconf 89' lang='lat' dir='ltr'>Apud</span> <span class='ocrx_word' id='word_1_175' title='bbox 1551 1834 1766 1883; x_wconf 80' lang='lat' dir='ltr'>tyrannos</span> <span class='ocrx_word' id='word_1_176' title='bbox 1787 1843 1832 1865; x_wconf 87' lang='lat'>20</span> 
     </span>
     <span class='ocr_line' id='line_1_22' title="bbox 196 1908 1765 1965; baseline 0.002 -17"><span class='ocrx_word' id='word_1_177' title='bbox 196 1908 314 1949; x_wconf 90' lang='lat' dir='ltr'>enim</span> <span class='ocrx_word' id='word_1_178' title='bbox 339 1913 562 1950; x_wconf 88' lang='lat' dir='ltr'>tormenta</span> <span class='ocrx_word' id='word_1_179' title='bbox 589 1909 723 1951; x_wconf 88' lang='lat' dir='ltr'>etiam</span> <span class='ocrx_word' id='word_1_180' title='bbox 748 1925 827 1964; x_wconf 91' lang='lat' dir='ltr'>pro</span> <span class='ocrx_word' id='word_1_181' title='bbox 852 1925 994 1965; x_wconf 89' lang='lat' dir='ltr'>poena</span> <span class='ocrx_word' id='word_1_182' title='bbox 1023 1910 1372 1952; x_wconf 84' lang='lat' dir='ltr'>adhibebantur:</span> <span class='ocrx_word' id='word_1_183' title='bbox 1422 1910 1543 1965; x_wconf 92' lang='lat' dir='ltr'>apud</span> <span class='ocrx_word' id='word_1_184' title='bbox 1574 1925 1654 1951; x_wconf 92' lang='lat' dir='ltr'>uos</span> <span class='ocrx_word' id='word_1_185' title='bbox 1686 1910 1765 1951; x_wconf 89' lang='lat' dir='ltr'>soli</span> 
     </span>
     <span class='ocr_line' id='line_1_23' title="bbox 196 1990 1766 2047; baseline 0.001 -17"><span class='ocrx_word' id='word_1_186' title='bbox 196 1990 444 2044; x_wconf 90' lang='lat' dir='ltr'>quaestioni</span> <span class='ocrx_word' id='word_1_187' title='bbox 474 1996 761 2046; x_wconf 90' lang='lat' dir='ltr'>temperatur.</span> <span class='ocrx_word' id='word_1_188' title='bbox 823 1992 1027 2033; x_wconf 81' lang='lat' dir='ltr'>Vestram</span> <span class='ocrx_word' id='word_1_189' title='bbox 1056 1992 1140 2033; x_wconf 90' lang='lat' dir='ltr'>illis</span> <span class='ocrx_word' id='word_1_190' title='bbox 1169 1998 1342 2033; x_wconf 87' lang='lat' dir='ltr'>seruate</span> <span class='ocrx_word' id='word_1_191' title='bbox 1371 1992 1510 2047; x_wconf 85' lang='lat' dir='ltr'>legem</span> <span class='ocrx_word' id='word_1_192' title='bbox 1540 2006 1678 2046; x_wconf 91' lang='lat' dir='ltr'>usque</span> <span class='ocrx_word' id='word_1_193' title='bbox 1708 1991 1766 2032; x_wconf 87' lang='lat' dir='ltr'>ad</span> 
     </span>
     <span class='ocr_line' id='line_1_24' title="bbox 196 2070 1763 2128; baseline 0.001 -17"><span class='ocrx_word' id='word_1_194' title='bbox 196 2070 513 2112; x_wconf 83' lang='lat' dir='ltr'>confessionem</span> <span class='ocrx_word' id='word_1_195' title='bbox 537 2073 841 2123; x_wconf 89' lang='lat' dir='ltr'>necessariam,</span> <span class='ocrx_word' id='word_1_196' title='bbox 870 2078 914 2114; x_wconf 90' lang='lat' dir='ltr'>et</span> <span class='ocrx_word' id='word_1_197' title='bbox 937 2073 1026 2114; x_wconf 87' lang='lat' dir='ltr'>iam</span> <span class='ocrx_word' id='word_1_198' title='bbox 1051 2073 1086 2114; x_wconf 89' lang='lat' dir='ltr'>si</span> <span class='ocrx_word' id='word_1_199' title='bbox 1112 2073 1382 2114; x_wconf 81' lang='lat' dir='ltr'>confessione</span> <span class='ocrx_word' id='word_1_200' title='bbox 1406 2073 1763 2128; x_wconf 88' lang='lat' dir='ltr'>praeueniantur,</span> 
     </span>
     <span class='ocr_line' id='line_1_25' title="bbox 195 2152 1764 2210; baseline 0.001 -18"><span class='ocrx_word' id='word_1_201' title='bbox 195 2152 444 2194; x_wconf 88' lang='lat' dir='ltr'>uacabunt:</span> <span class='ocrx_word' id='word_1_202' title='bbox 494 2153 713 2194; x_wconf 88' lang='lat' dir='ltr'>sententia</span> <span class='ocrx_word' id='word_1_203' title='bbox 746 2168 856 2208; x_wconf 87' lang='lat' dir='ltr'>opus</span> <span class='ocrx_word' id='word_1_204' title='bbox 888 2159 976 2195; x_wconf 88' lang='lat' dir='ltr'>est:</span> <span class='ocrx_word' id='word_1_205' title='bbox 1026 2154 1176 2196; x_wconf 84' lang='lat' dir='ltr'>debito</span> <span class='ocrx_word' id='word_1_206' title='bbox 1207 2169 1375 2210; x_wconf 91' lang='lat' dir='ltr'>poenae</span> <span class='ocrx_word' id='word_1_207' title='bbox 1406 2168 1567 2195; x_wconf 86' lang='lat' dir='ltr'>nocens</span> <span class='ocrx_word' id='word_1_208' title='bbox 1599 2168 1764 2208; x_wconf 80' lang='lat' dir='ltr'>expun-</span> 
     </span>
     <span class='ocr_line' id='line_1_26' title="bbox 196 2233 1829 2292; baseline 0.001 -18"><span class='ocrx_word' id='word_1_209' title='bbox 196 2233 364 2288; x_wconf 88' lang='lat' dir='ltr'>gendus</span> <span class='ocrx_word' id='word_1_210' title='bbox 417 2240 495 2284; x_wconf 89' lang='lat' dir='ltr'>est,</span> <span class='ocrx_word' id='word_1_211' title='bbox 549 2249 639 2276; x_wconf 93' lang='lat' dir='ltr'>non</span> <span class='ocrx_word' id='word_1_212' title='bbox 692 2235 962 2277; x_wconf 82' lang='lat' dir='ltr'>eximendus.</span> <span class='ocrx_word' id='word_1_213' title='bbox 1023 2236 1225 2292; x_wconf 86' lang='lat' dir='ltr'>Denique</span> <span class='ocrx_word' id='word_1_214' title='bbox 1276 2251 1405 2278; x_wconf 90' lang='lat' dir='ltr'>nemo</span> <span class='ocrx_word' id='word_1_215' title='bbox 1457 2236 1580 2277; x_wconf 87' lang='lat' dir='ltr'>illum</span> <span class='ocrx_word' id='word_1_216' title='bbox 1631 2234 1765 2290; x_wconf 85' lang='lat' dir='ltr'>gestit</span> <span class='ocrx_word' id='word_1_217' title='bbox 1786 2253 1829 2283; x_wconf 82' lang='lat'>25</span> 
     </span>
     <span class='ocr_line' id='line_1_27' title="bbox 197 2313 1764 2373; baseline 0.002 -19"><span class='ocrx_word' id='word_1_218' title='bbox 197 2313 437 2356; x_wconf 88' lang='lat' dir='ltr'>absoluere.</span> <span class='ocrx_word' id='word_1_219' title='bbox 500 2315 599 2356; x_wconf 78' lang='lat' dir='ltr'>Non</span> <span class='ocrx_word' id='word_1_220' title='bbox 639 2316 741 2357; x_wconf 82' lang='lat' dir='ltr'>licet</span> <span class='ocrx_word' id='word_1_221' title='bbox 780 2317 861 2357; x_wconf 89' lang='lat' dir='ltr'>hoc</span> <span class='ocrx_word' id='word_1_222' title='bbox 901 2317 1024 2367; x_wconf 88' lang='lat' dir='ltr'>uelle,</span> <span class='ocrx_word' id='word_1_223' title='bbox 1066 2318 1163 2359; x_wconf 89' lang='lat' dir='ltr'>ideo</span> <span class='ocrx_word' id='word_1_224' title='bbox 1202 2333 1281 2359; x_wconf 85' lang='lat' dir='ltr'>nec</span> <span class='ocrx_word' id='word_1_225' title='bbox 1322 2319 1492 2373; x_wconf 87' lang='lat' dir='ltr'>cogitur</span> <span class='ocrx_word' id='word_1_226' title='bbox 1530 2317 1764 2371; x_wconf 86' lang='lat' dir='ltr'>quisquam</span> 
     </span>
     <span class='ocr_line' id='line_1_28' title="bbox 197 2396 1761 2450; baseline 0.001 -15"><span class='ocrx_word' id='word_1_227' title='bbox 197 2408 367 2450; x_wconf 90' lang='lat' dir='ltr'>negare.</span> <span class='ocrx_word' id='word_1_228' title='bbox 446 2396 743 2438; x_wconf 84' lang='lat' dir='ltr'>Christianum</span> <span class='ocrx_word' id='word_1_229' title='bbox 807 2397 1029 2439; x_wconf 87' lang='lat' dir='ltr'>hominem</span> <span class='ocrx_word' id='word_1_230' title='bbox 1092 2399 1291 2440; x_wconf 88' lang='lat' dir='ltr'>omnium</span> <span class='ocrx_word' id='word_1_231' title='bbox 1353 2398 1562 2440; x_wconf 88' lang='lat' dir='ltr'>scelerum</span> <span class='ocrx_word' id='word_1_232' title='bbox 1625 2411 1761 2447; x_wconf 88' lang='lat' dir='ltr'>reum,</span> 
     </span>
     <span class='ocr_line' id='line_1_29' title="bbox 196 2474 1764 2533; baseline 0.001 -18"><span class='ocrx_word' id='word_1_233' title='bbox 196 2474 392 2525; x_wconf 91' lang='lat' dir='ltr'>deorum,</span> <span class='ocrx_word' id='word_1_234' title='bbox 417 2476 748 2530; x_wconf 87' lang='lat' dir='ltr'>imperatorum,</span> <span class='ocrx_word' id='word_1_235' title='bbox 774 2477 932 2533; x_wconf 89' lang='lat' dir='ltr'>legum,</span> <span class='ocrx_word' id='word_1_236' title='bbox 958 2493 1143 2528; x_wconf 89' lang='lat' dir='ltr'>morum,</span> <span class='ocrx_word' id='word_1_237' title='bbox 1169 2484 1354 2519; x_wconf 84' lang='lat' dir='ltr'>naturae</span> <span class='ocrx_word' id='word_1_238' title='bbox 1378 2477 1516 2519; x_wconf 88' lang='lat' dir='ltr'>totius</span> <span class='ocrx_word' id='word_1_239' title='bbox 1536 2477 1764 2518; x_wconf 87' lang='lat' dir='ltr'>inimicum</span> 
     </span>
     <span class='ocr_line' id='line_1_30' title="bbox 196 2556 1764 2614; baseline 0.001 -18"><span class='ocrx_word' id='word_1_240' title='bbox 196 2556 436 2606; x_wconf 82' lang='lat' dir='ltr'>existimas,</span> <span class='ocrx_word' id='word_1_241' title='bbox 484 2562 528 2597; x_wconf 86' lang='lat' dir='ltr'>et</span> <span class='ocrx_word' id='word_1_242' title='bbox 572 2558 688 2612; x_wconf 88' lang='lat' dir='ltr'>cogis</span> <span class='ocrx_word' id='word_1_243' title='bbox 732 2573 902 2613; x_wconf 85' lang='lat' dir='ltr'>negare,</span> <span class='ocrx_word' id='word_1_244' title='bbox 950 2564 1001 2599; x_wconf 87' lang='lat' dir='ltr'>ut</span> <span class='ocrx_word' id='word_1_245' title='bbox 1044 2559 1249 2600; x_wconf 87' lang='lat' dir='ltr'>absoluas</span> <span class='ocrx_word' id='word_1_246' title='bbox 1293 2573 1423 2614; x_wconf 84' lang='lat' dir='ltr'>quem</span> <span class='ocrx_word' id='word_1_247' title='bbox 1468 2573 1556 2599; x_wconf 89' lang='lat' dir='ltr'>non</span> <span class='ocrx_word' id='word_1_248' title='bbox 1600 2558 1764 2613; x_wconf 91' lang='lat' dir='ltr'>poteris</span> 
     </span>
     <span class='ocr_line' id='line_1_31' title="bbox 197 2636 1830 2695; baseline 0.001 -18"><span class='ocrx_word' id='word_1_249' title='bbox 197 2636 424 2678; x_wconf 88' lang='lat' dir='ltr'>absoluere</span> <span class='ocrx_word' id='word_1_250' title='bbox 469 2638 551 2679; x_wconf 88' lang='lat' dir='ltr'>nisi</span> <span class='ocrx_word' id='word_1_251' title='bbox 596 2640 836 2694; x_wconf 85' lang='lat' dir='ltr'>negauerit.</span> <span class='ocrx_word' id='word_1_252' title='bbox 898 2640 1218 2682; x_wconf 84' lang='lat' dir='ltr'>Praeuaricaris</span> <span class='ocrx_word' id='word_1_253' title='bbox 1262 2641 1305 2681; x_wconf 90' lang='lat' dir='ltr'>in</span> <span class='ocrx_word' id='word_1_254' title='bbox 1352 2641 1479 2695; x_wconf 86' lang='lat' dir='ltr'>leges.</span> <span class='ocrx_word' id='word_1_255' title='bbox 1540 2639 1616 2680; x_wconf 88' lang='lat' dir='ltr'>Vis</span> <span class='ocrx_word' id='word_1_256' title='bbox 1663 2653 1763 2694; x_wconf 82' lang='lat' dir='ltr'>ergo</span> <span class='ocrx_word' id='word_1_257' title='bbox 1784 2656 1830 2687; x_wconf 90' lang='lat'>30</span> 
     </span>
     <span class='ocr_line' id='line_1_32' title="bbox 197 2720 1763 2775; baseline 0.001 -17"><span class='ocrx_word' id='word_1_258' title='bbox 197 2723 328 2772; x_wconf 86' lang='lat' dir='ltr'>neget</span> <span class='ocrx_word' id='word_1_259' title='bbox 369 2732 414 2759; x_wconf 89' lang='lat' dir='ltr'>se</span> <span class='ocrx_word' id='word_1_260' title='bbox 456 2725 701 2770; x_wconf 87' lang='lat' dir='ltr'>nocentem,</span> <span class='ocrx_word' id='word_1_261' title='bbox 747 2727 798 2762; x_wconf 91' lang='lat' dir='ltr'>ut</span> <span class='ocrx_word' id='word_1_262' title='bbox 841 2735 941 2762; x_wconf 90' lang='lat' dir='ltr'>eum</span> <span class='ocrx_word' id='word_1_263' title='bbox 983 2721 1119 2762; x_wconf 76' lang='lat' dir='ltr'>facias</span> <span class='ocrx_word' id='word_1_264' title='bbox 1160 2721 1453 2772; x_wconf 88' lang='lat' dir='ltr'>innocentem,</span> <span class='ocrx_word' id='word_1_265' title='bbox 1498 2726 1543 2762; x_wconf 89' lang='lat' dir='ltr'>et</span> <span class='ocrx_word' id='word_1_266' title='bbox 1585 2720 1763 2775; x_wconf 89' lang='lat' dir='ltr'>quidem</span> 
     </span>
     <span class='ocr_line' id='line_1_33' title="bbox 195 2797 1762 2856; baseline 0.003 -18"><span class='ocrx_word' id='word_1_267' title='bbox 195 2797 388 2839; x_wconf 87' lang='lat' dir='ltr'>inuitum</span> <span class='ocrx_word' id='word_1_268' title='bbox 418 2799 520 2849; x_wconf 90' lang='lat' dir='ltr'>iam,</span> <span class='ocrx_word' id='word_1_269' title='bbox 552 2814 632 2840; x_wconf 83' lang='lat' dir='ltr'>nec</span> <span class='ocrx_word' id='word_1_270' title='bbox 662 2800 715 2842; x_wconf 89' lang='lat' dir='ltr'>de</span> <span class='ocrx_word' id='word_1_271' title='bbox 745 2802 983 2855; x_wconf 88' lang='lat' dir='ltr'>praeterito</span> <span class='ocrx_word' id='word_1_272' title='bbox 1013 2816 1150 2843; x_wconf 87' lang='lat' dir='ltr'>reum.</span> <span class='ocrx_word' id='word_1_273' title='bbox 1211 2801 1340 2842; x_wconf 88' lang='lat' dir='ltr'>Unde</span> <span class='ocrx_word' id='word_1_274' title='bbox 1368 2801 1455 2843; x_wconf 91' lang='lat' dir='ltr'>ista</span> <span class='ocrx_word' id='word_1_275' title='bbox 1484 2801 1762 2856; x_wconf 88' lang='lat' dir='ltr'>peruersitas,</span> 
     </span>
    </p>
   </div>
   <div class='ocr_carea' id='block_1_3' title="bbox 198 2880 1763 2938">
    <p class='ocr_par' dir='ltr' id='par_1_3' title="bbox 198 2880 1763 2938">
     <span class='ocr_line' id='line_1_34' title="bbox 198 2880 1763 2938; baseline 0.003 -18"><span class='ocrx_word' id='word_1_276' title='bbox 198 2885 250 2920; x_wconf 90' lang='lat' dir='ltr'>ut</span> <span class='ocrx_word' id='word_1_277' title='bbox 270 2880 404 2921; x_wconf 89' lang='lat' dir='ltr'>etiam</span> <span class='ocrx_word' id='word_1_278' title='bbox 423 2880 531 2922; x_wconf 88' lang='lat' dir='ltr'>illud</span> <span class='ocrx_word' id='word_1_279' title='bbox 550 2895 639 2922; x_wconf 92' lang='lat' dir='ltr'>non</span> <span class='ocrx_word' id='word_1_280' title='bbox 659 2883 921 2938; x_wconf 85' lang='lat' dir='ltr'>recogitetis,</span> <span class='ocrx_word' id='word_1_281' title='bbox 943 2889 1101 2938; x_wconf 91' lang='lat' dir='ltr'>sponte</span> <span class='ocrx_word' id='word_1_282' title='bbox 1121 2882 1317 2924; x_wconf 85' lang='lat' dir='ltr'>confesso</span> <span class='ocrx_word' id='word_1_283' title='bbox 1338 2883 1476 2938; x_wconf 85' lang='lat' dir='ltr'>magis</span> <span class='ocrx_word' id='word_1_284' title='bbox 1497 2882 1763 2924; x_wconf 88' lang='lat' dir='ltr'>credendum</span> 
     </span>
    </p>
   </div>
  </div>
 </body>
</html>
