1975 3306
259 169 310 208 56
836 165 1240 208 TERTVLLIANI

258 289 493 338 serpentes,
521 287 566 324 et
589 282 742 337 planta
768 282 836 323 uel
862 287 983 337 tergo
1009 282 1134 323 alites
1159 281 1263 322 deos
1287 287 1557 337 receperunt.
1619 281 1742 322 Haec
1767 295 1820 322 ex

258 364 517 414 abundanti,
544 378 597 404 ne
621 363 726 418 quid
749 363 936 404 rumoris
957 363 1305 417 inrepercussum
1329 363 1454 417 quasi
1477 363 1531 404 de
1554 363 1821 404 conscientia

257 445 626 499 praeterissemus.
689 444 811 493 Quae
830 443 977 485 onmia
997 443 1194 484 conuersi
1212 443 1301 484 iam
1321 443 1378 485 ad
1397 443 1821 485 demonstrationem

256 525 474 580 religionis
494 530 671 566 nostrae
692 524 1040 580 repurgauimus.

346 662 419 702 17.
481 661 608 711 Quod
635 662 829 712 colimus,
857 661 964 703 deus
991 676 1104 702 unus
1130 670 1208 712 est,
1237 662 1311 716 qui
1338 667 1481 703 totam
1507 662 1666 703 molem
1691 662 1824 703 istam
1843 674 1862 706 5

263 758 362 784 cuni
410 743 528 783 omni
575 743 869 784 instrumento
917 743 1246 794 elementorum,
1296 757 1540 798 corporum,
1590 744 1825 798 spirituum

262 824 396 866 uerbo
435 839 521 879 quo
557 825 696 875 iussit,
735 825 905 866 ratione
942 840 1029 880 qua
1066 825 1296 880 disposuit,
1335 825 1502 866 uirtute
1539 840 1626 880 qua
1662 825 1823 880 potuit,

264 906 317 946 de
351 905 484 946 nihilo
519 906 744 961 expressit,
779 906 825 946 111
858 910 1168 947 ornamentum
1202 905 1446 947 maiestatis
1479 920 1596 956 suae,
1632 906 1750 947 unde
1783 910 1828 946 et

264 986 417 1027 Graeci
456 1000 616 1027 nomen
655 985 821 1026 mundo
861 983 1030 1038 κόσμον
1068 986 1529 1027 accommodauerunt.
1590 985 1828 1027 Inuisibilis

263 1072 342 1117 est,
371 1067 452 1108 etsi
477 1067 703 1117 uideatur3
746 1067 1208 1122 incomprehensibilis,
1236 1067 1317 1108 etsi
1343 1082 1419 1122 per
1443 1067 1632 1122 gratiam
1656 1082 1824 1123 reprae-
1851 1080 1894 1104 10

234 1153 485 1198 ·‘sentetur;
547 1148 893 1199 inaestimabilis,
940 1148 1022 1189 etsi
1067 1148 1270 1190 humanis
1314 1149 1512 1190 sensibus
1557 1149 1826 1190 aestimetur.

266 1229 372 1270 Ideo
404 1243 534 1270 uerus
566 1235 611 1271 et
641 1235 795 1271 tantus
827 1235 905 1271 est.
968 1229 1171 1271 Ceterum
1204 1230 1322 1285 quod
1353 1230 1491 1271 uideri
1524 1230 1827 1280 communiter,

267 1311 386 1366 quod
415 1310 738 1367 comprehendi,
769 1312 888 1367 quod
916 1312 1138 1353 aestimari
1167 1317 1327 1367 potest,
1358 1312 1502 1353 minus
1531 1317 1597 1353 est
1625 1317 1669 1353 et
1696 1311 1831 1353 oculis

269 1393 429 1448 quibus
450 1398 705 1448 occupatur,
730 1399 774 1435 et
795 1393 1000 1436 manibus
1022 1394 1181 1449 quibus
1203 1394 1544 1444 contaminatur,
1570 1399 1614 1435 et
1634 1393 1832 1435 sensibus

269 1473 428 1528 quibus
448 1473 693 1515 inuenitur:
733 1474 852 1529 quod
872 1489 976 1516 uero
996 1474 1245 1515 inmensum
1267 1479 1345 1525 est,
1368 1474 1447 1516 soli
1468 1474 1550 1515 sibi
1570 1479 1727 1516 notum
1750 1479 1827 1516 est.
1855 1490 1896 1523 15

269 1553 367 1595 Hoc
393 1555 512 1610 quod
538 1560 616 1606 est,
645 1555 777 1596 deum
803 1556 1025 1597 aestimari
1052 1555 1171 1606 facit,
1201 1556 1307 1596 dum
1334 1555 1557 1597 aestimari
1583 1570 1672 1597 non
1697 1555 1830 1610 capit.

269 1637 341 1678 Ita
360 1651 459 1677 eum
477 1636 544 1677 uis
562 1636 878 1692 magnitudinis
896 1642 940 1678 et
957 1642 1114 1678 notum
1132 1637 1383 1678 hominibus
1400 1637 1536 1678 obicit
1554 1642 1598 1678 et
1615 1636 1830 1692 ignotum.

271 1717 331 1759 Et
357 1718 463 1759 haec
490 1723 556 1759 est
581 1733 753 1759 summa
780 1718 927 1760 delicti
953 1719 1199 1760 nolentium
1224 1733 1529 1775 recognoscere
1555 1733 1686 1774 quem
1712 1718 1831 1774 igno-

269 1814 364 1840 rare
399 1814 488 1841 non
523 1806 721 1855 possunt.
783 1800 927 1841 Vultis
964 1815 1017 1841 ex
1052 1799 1257 1855 operibus
1290 1800 1427 1855 ipsius
1462 1805 1532 1841 tot
1567 1814 1618 1841 ac
1655 1799 1831 1850 talibus,

271 1880 431 1935 quibus
475 1881 762 1932 continemur,
811 1882 970 1936 quibus
1014 1882 1293 1932 sustinemur,
1341 1881 1501 1937 quibus
1545 1881 1831 1932 oblectamur,
1854 1893 1900 1916 20

271 1962 404 2003 etiam
438 1962 598 2016 quibus
631 1968 913 2013 exterremur,
950 1963 1085 2004 uultis
1119 1978 1172 2004 ex
1206 1963 1378 2004 animae
1411 1963 1548 2018 ipsius
1580 1962 1834 2004 testimonio

270 2043 616 2098 conprobemus?
681 2044 802 2094 Quae
842 2044 944 2086 licet
984 2059 1154 2085 carcere
1195 2045 1386 2100 corporis
1427 2058 1587 2099 pressa,
1630 2044 1732 2086 licet
1771 2045 1833 2086 in-

270 2124 576 2165 stitutionibus
620 2125 768 2180 prauis
813 2125 1155 2180 circumscripta,
1201 2126 1304 2167 licet
1346 2125 1602 2167 libidinibus
1646 2130 1690 2167 et
1734 2139 1833 2167 con-

271 2206 549 2259 cupiscentiis
578 2206 817 2261 euigorata,
849 2207 950 2248 licet
979 2207 1098 2248 falsis
1127 2207 1218 2248 deis
1247 2207 1523 2257 exancillata,
1555 2221 1655 2248 cum
1683 2211 1834 2247 tamen

270 2286 496 2340 resipiscit,
524 2292 576 2328 ut
600 2301 653 2328 ex
678 2288 869 2342 crapula,
897 2294 948 2329 ut
974 2302 1026 2329 ex
1051 2303 1218 2339 somno,
1246 2294 1298 2330 ut
1323 2303 1375 2329 ex
1401 2288 1548 2343 aliqua
1574 2287 1830 2337 ualitudine,
1854 2303 1897 2335 25

272 2373 316 2408 et
357 2368 594 2409 sanitatem
635 2383 760 2410 suam
802 2370 984 2424 patitur,
1028 2369 1159 2411 deum
1200 2370 1414 2419 nominat,
1459 2369 1540 2410 hoc
1581 2368 1685 2417 solo,
1730 2367 1833 2422 quia

273 2451 444 2505 proprie
468 2466 596 2493 uerus
621 2453 689 2493 hic
714 2468 839 2494 1111113.
901 2453 1020 2494 Deus
1044 2454 1186 2495 bonus
1211 2459 1256 2495 et
1279 2467 1477 2509 magnus,
1505 2457 1549 2493 et
1574 2450 1701 2501 Quod
1726 2450 1833 2491 deus

272 2533 442 2574 dederit
474 2534 669 2575 omnium
703 2550 791 2576 uox
825 2541 902 2576 est.
965 2535 1161 2579 Iudicem
1195 2548 1371 2590 quoque
1403 2537 1679 2575 contestatur
1709 2531 1833 2573 illum

274 2614 391 2654 Deus
418 2613 551 2663 uidet,
581 2620 625 2656 et
650 2615 743 2656 Deo
770 2615 1043 2666 commendo,
1073 2621 1117 2657 et
1142 2615 1261 2656 Deus
1287 2614 1393 2655 mihi
1418 2613 1585 2654 reddet.
1649 2612 1684 2654 O
1711 2612 1831 2653 testi-

274 2694 468 2735 monium
490 2695 662 2736 animae
683 2697 944 2738 naturaliter
965 2697 1258 2739 Christianae!
1320 2696 1521 2749 Denique
1542 2693 1833 2749 pronuntians
1852 2712 1899 2744 30

274 2775 379 2814 haec
407 2789 494 2815 non
522 2775 578 2815 ad
607 2775 885 2830 Capitolium,
916 2777 991 2817 sed
1020 2777 1076 2818 ad
1105 2777 1272 2817 caeluni
1301 2775 1489 2830 respicit.
1552 2774 1690 2816 Nouit
1717 2774 1832 2816 enim

271 2855 419 2896 sedem
443 2855 511 2914 dei
535 2855 624 2896 uiui
648 2856 703 2898 ab
726 2857 811 2907 illo,
838 2863 882 2899 et
903 2858 1004 2898 inde
1027 2858 1265 2899 descendit.
