1975 3306
252 108 338 146 424
829 102 1238 145 TERTVLLIANI
1487 104 1546 160 [p.
1576 100 1708 143 1241.
1734 103 1818 142 5—

341 231 602 261 VENENARII
628 219 739 260 Petr.
765 218 887 261 Suet.
912 218 1041 274 Apul.
1066 218 1208 260 Rufin.
1234 218 1349 260 Hist.
1373 217 1484 259 Eccl.
1502 229 1589 258 VIII
1613 219 1638 259 6
1662 231 1700 273 p.
1720 215 1819 258 473.

254 291 364 332 R‹;›se
387 290 549 331 Anecd.
574 301 587 330 Ι
613 292 696 331 122
722 291 757 331 2.

342 372 458 401 MAGI
491 375 525 401 c.
551 362 619 401 535.

342 442 628 472 HARVSPICES
660 446 692 472 e.
716 433 770 472 35
795 430 867 471 fin.
923 430 1086 472 Arnob.
1109 442 1123 470 Ι
1153 431 1206 471 46
1231 429 1258 471 f.
1291 429 1410 472 cuius
1441 444 1590 471 nomen
1622 428 1821 470 anditum

214 502 379 558 §fuyat
429 502 572 543 nomios
619 501 810 556 spiritus,
849 500 1030 554 imponit
1077 499 1295 541 silentiam
1344 498 1526 549 uatibus,
1575 498 1821 553 haruspices

253 571 507 614 inconsultos
565 570 717 620 reddit,
774 570 1076 625 arroycmtinm
1133 585 1359 624 mayorum
1414 568 1640 625 frustrari
1699 567 1823 623 efficit

255 644 447 691 actiones,
484 658 563 684 non
607 643 782 684 horrore
816 648 862 683 ut
903 641 1047 683 dicitis
1088 641 1272 683 nominis
1311 639 1385 682 sed
1426 640 1607 682 maioris
1650 639 1821 681 licentia

249 712 483 769 potestatis.
546 712 752 753 Prudenb.
786 711 946 767 Apoth.
981 713 1066 753 438
1089 726 1150 767 sq.

344 798 382 839 p.
423 785 507 824 124
545 783 570 823 l.
607 784 632 824 6
676 794 871 824 HARIOLI
910 782 1051 823 Plaut.
1089 782 1182 823 Ter.
1224 780 1311 823 Cic.
1351 780 1532 822 Phaedr.
1571 780 1676 821 ΑΓΗ.
1715 791 1729 820 Ι
1769 767 1833 820 24

193 878 236 900 10
256 853 439 910 (quoted
486 869 541 895 on
588 869 628 910 p.
673 855 757 894 124
805 853 830 894 l.
868 853 928 907 3).
1004 852 1173 894 Paulin.
1217 851 1316 893 Nol.
1349 867 1416 908 ep.
1456 853 1509 894 16
1551 853 1615 893 10.
1694 850 1822 893 Cone.

257 925 393 966 Toleb.
417 926 444 965 4
466 939 557 966 can.
583 926 650 966 28.
708 923 839 967 Cone.
862 924 986 965 Rom.
1008 939 1073 965 an.
1100 923 1181 965 721
1207 938 1298 964 can.
1322 924 1377 964 42
1402 929 1471 973 (VI
1496 920 1661 973 145712).
1720 919 1824 963 Cod.

256 994 417 1036 Theod.
442 1007 493 1035 IX
517 996 570 1037 16
594 997 621 1035 4
643 994 748 1049 [add
779 994 981 1050 Ps.-Aug.
1006 993 1185 1046 Quaes‘n.
1209 995 1263 1035 46
1286 991 1306 1049 ξ
1327 995 1365 1036 3.
1428 993 1480 1033 A.
1503 992 1577 1046 S.].

346 1077 673 1106 MATHEMATICI
716 1080 749 1106 e.
793 1067 847 1107 35
900 1080 1008 1120 quas
1050 1070 1164 1106 artes
1205 1070 1251 1105 ut
1300 1063 1351 1105 ab
1394 1063 1559 1118 anyelis
1601 1062 1825 1104 desertori-

258 1137 332 1179 bus
381 1137 585 1192 proditas
631 1143 668 1179 et
715 1152 742 1178 a
790 1136 867 1178 deo
914 1136 1168 1178 interdictas
1224 1150 1275 1176 nc
1325 1135 1415 1176 suis
1463 1133 1635 1189 quidem
1684 1132 1827 1175 causis

196 1227 237 1258 15
258 1208 457 1250 adhibent
490 1207 740 1249 Christiani.
802 1207 869 1248 De
902 1206 1049 1248 Idolol.
1081 1208 1105 1248 9
1129 1221 1169 1262 p.
1191 1207 1247 1247 38
1270 1205 1296 1246 1.
1320 1207 1374 1246 13
1398 1204 1525 1245 Wiss.
1559 1203 1827 1259 capelluntm’

257 1278 558 1327 mathematici,
594 1278 703 1320 sicut
739 1277 884 1332 anyeli
919 1292 1078 1318 eorum.
1152 1275 1251 1318 urbs
1292 1282 1330 1317 et
1371 1275 1512 1317 Italia
1553 1273 1828 1316 interdicitur

257 1348 581 1398 mathematicis,
610 1348 719 1390 sicut
751 1348 916 1390 caelant
948 1347 1112 1402 anyelz's
1143 1362 1299 1389 eoram.
1362 1345 1583 1402 Bingham
1619 1356 1702 1385 XVI
1733 1346 1757 1386 5
1790 1346 1829 1385 1.

259 1416 410 1461 Const.
433 1419 587 1474 Apost.
610 1429 697 1459 VIII
722 1420 789 1459 32.
851 1418 966 1474 Aug.
995 1417 1125 1458 Haer.
1155 1419 1222 1458 70.
1285 1415 1415 1459 Cone.
1437 1415 1575 1456 Tolet.
1599 1417 1619 1455 1
1646 1429 1734 1471 reg.
1754 1413 1828 1455 fid.

259 1505 291 1532 c.
324 1489 689 1531 Priscillianisbas.
752 1488 1016 1530 Artemidor.
1047 1499 1081 1529 II
1112 1490 1167 1530 39
1196 1487 1262 1541 (in
1295 1486 1474 1528 Herald.
1503 1485 1693 1541 Digress.
1722 1496 1737 1526 Ι
1772 1486 1827 1527 29

195 1581 240 1603 20
260 1575 328 1616 pp.
364 1559 541 1614 256ῄ7).

348 1645 386 1687 p.
415 1632 496 1670 124
521 1630 546 1671 l.
570 1632 595 1671 8
619 1640 798 1670 SECTAM
830 1644 865 1670 c.
887 1630 942 1670 46
966 1644 1031 1684 pr.

348 1716 388 1758 p.
423 1702 507 1741 124
539 1701 566 1741 l.
599 1702 623 1742 9
657 1710 905 1740 DAEMONIA
952 1714 986 1740 c.
1024 1700 1079 1739 32
1118 1698 1188 1740 fin.
1228 1696 1282 1739 37
1321 1697 1392 1739 fin.
1437 1712 1476 1752 p.
1511 1698 1594 1738 108
1638 1696 1662 1736 1.
1698 1697 1752 1736 28
1787 1710 1827 1736 n.

263 1771 481 1814 Heraldus
514 1785 569 1811 on
602 1770 762 1811 Arnob.
797 1781 812 1810 Ι
845 1771 900 1811 46
924 1770 950 1810 f.
982 1770 1041 1824 (p.
1075 1770 1161 1820 45).
1226 1768 1351 1823 Kaye
1385 1768 1452 1809 89.

350 1854 447 1884 NON
481 1853 589 1883 DICO
617 1841 779 1883 Oehler
807 1856 861 1881 on
891 1840 945 1881 ad
967 1846 1055 1882 nab.
1076 1851 1091 1880 Ι
1115 1842 1139 1880 2
1163 1854 1204 1895 Ρ.
1223 1838 1306 1881 307
1335 1838 1387 1893 [=
1402 1853 1441 1894 p.
1466 1839 1521 1879 60
1544 1837 1570 1878 l.
1593 1839 1646 1879 29
1672 1836 1828 1890 Wiss.].

197 1934 240 1965 25
350 1928 388 1969 p.
415 1914 498 1953 124
531 1912 554 1954 l.
581 1914 634 1953 10
667 1923 791 1953 VERO
823 1922 915 1952 DEO
948 1916 1027 1952 cet.
1061 1925 1094 1951 c.
1127 1911 1181 1951 29
1206 1910 1230 1950 f.
1269 1911 1325 1950 30
1358 1923 1396 1964 p.
1420 1924 1474 1950 m.
1515 1909 1568 1950 33
1592 1922 1650 1963 pr.

353 1993 524 2023 PRECES
557 1997 588 2023 e.
624 1983 691 2022 31.
727 1983 794 2023 32.
1510 1977 1516 1993 ¹

351 2064 592 2094 STERNANT
627 2053 697 2108 lay
731 2058 777 2093 ab
815 2051 899 2093 His
935 2052 1032 2093 feet.

872 2223 979 2266 CAP.
1018 2222 1166 2263 XLIV

354 2345 392 2385 p.
418 2331 501 2370 124
525 2330 549 2371 l.
575 2331 629 2370 14
658 2338 961 2369 IMPENDIMVR
994 2326 1109 2368 Adu.
1139 2325 1344 2366 Marcion.
1372 2336 1406 2365 II
1433 2326 1486 2365 14
1508 2324 1580 2365 fin.
1605 2325 1658 2365 26
1682 2338 1720 2379 Ρ.
1745 2321 1830 2364 372

266 2400 292 2440 l.
316 2401 368 2439 12
400 2399 474 2441 Kr.
538 2399 605 2440 De
638 2398 833 2454 Spe-ctae.
870 2399 921 2438 19
951 2412 990 2452 Ρ.
1015 2398 1069 2438 20
1097 2396 1121 2437 l.
1154 2397 1207 2437 16
1237 2395 1363 2436 VViss.
1395 2401 1432 2436 et
1465 2401 1606 2436 tamen
1637 2393 1833 2435 innocens

201 2487 246 2519 30
265 2469 315 2511 de
349 2469 575 2525 supplicio-
597 2468 777 2510 actm-tus
819 2466 978 2508 laetari
1011 2481 1091 2507 non
1130 2471 1276 2520 potest,
1314 2479 1408 2506 cam
1445 2463 1586 2518 mayis
1627 2467 1834 2517 competat

265 2539 476 2581 innocenti
506 2539 658 2588 dolere,
689 2538 799 2593 quod
830 2538 950 2578 homo
977 2551 1067 2591 pat·
1098 2536 1188 2578 eius
1221 2543 1310 2577 tam
1341 2549 1489 2576 nocens
1509 2533 1661 2590 factus
1692 2539 1761 2582 est,
1788 2538 1835 2574 ut

267 2615 357 2650 tam
390 2608 620 2650 crudeliter
652 2607 937 2662 impendatur.
1006 2605 1065 2647 So
1102 2605 1334 2660 dependere
1368 2603 1581 2659 Seorpiac.
1616 2605 1640 2644 6
1674 2618 1712 2658 p.
1749 2601 1830 2643 157

268 2680 291 2721 l.
333 2681 387 2719 23
426 2679 552 2720 Wiss.
594 2678 667 2720 sed
708 2678 869 2732 respice
909 2676 1301 2732 conepensationem,
1333 2689 1429 2717 cum
1465 2689 1564 2716 caro
1607 2679 1643 2715 et
1685 2673 1835 2714 anima

269 2749 737 2806 dependitur—quibus
767 2749 814 2789 in.
845 2748 1010 2790 homine
1042 2747 1187 2789 carlus
1217 2745 1327 2787 nihil
1360 2750 1429 2793 est,
1462 2744 1647 2786 alterum
1678 2758 1835 2784 manas

204 2838 248 2870 35
269 2819 348 2869 dei,
392 2820 575 2861 alterum
617 2819 943 2875 δΐῖαιιι3;--ἱ])3α
988 2817 1170 2873 dependi
1217 2817 1259 2857 in
1308 2814 1510 2870 profecta,
1556 2829 1736 2869 quornm
1776 2819 1836 2855 est
