1975 3306
147 179 188 221 p.
219 165 346 207 1341.
372 165 442 217 34]
607 160 1052 205 APOLOGETIOVS
1085 161 1153 210 47,
1188 160 1240 201 48
1629 156 1710 197 457

149 279 277 321 Marc.
304 292 337 323 ΙΙ
358 280 408 322 17
434 295 472 336 p.
497 282 581 321 358
605 280 628 320 l.
655 280 706 320 27
734 278 808 320 Kr.
831 279 903 320 sed
926 284 1022 320 ante
1051 276 1270 333 Lyczcrqos
1298 281 1336 317 et
1363 273 1541 317 Solonas
1572 286 1712 314 omnes

149 347 318 403 Moyses
364 355 402 391 et
447 349 560 390 deas.
623 348 745 389 'nulla
782 347 1013 402 posteritas
1055 361 1133 387 ozon
1177 361 1204 387 a
1245 343 1501 401 primordiis
1543 341 1711 397 accipit.

150 419 273 475 Kaye
297 419 393 461 337.

237 505 274 546 p.
301 493 383 531 134
415 491 438 532 l.
463 493 518 532 32
549 501 818 531 VERITATEM
842 489 876 543 )(
901 500 1050 529 IMAGO
1076 487 1226 529 Ambr.
1251 486 1334 528 Off.
1353 497 1369 526 1
1391 483 1410 541 ξ
1433 485 1528 525 239.
1592 481 1711 536 [Add

148 560 291 616 Pelag.
314 561 360 602 in
388 562 510 603 Rom.
537 564 573 610 2,
597 563 651 602 26
675 560 761 602 and
783 560 911 601 often.
971 559 1020 600 A.
1038 559 1100 613 S]
1162 557 1283 599 ‘-ate'
1307 557 1353 598 in
1381 554 1538 610 realiby
1561 552 1710 594 Ambr.
1733 566 1752 597 5

148 631 203 672 ib.
226 629 245 688 ξ
268 633 351 673 235
385 646 444 687 pr.
500 631 586 674 Cio.
621 631 780 673 Orator
809 628 905 686 §38
939 629 1121 685 Sandys.
1147 631 1230 670 158
1260 629 1339 669 191
1377 628 1472 668 231.
1526 622 1712 677 Quintil.

149 712 182 741 H
219 702 272 741 10
303 698 323 756 ξ
355 703 420 742 11.

769 814 876 857 CAP.
910 813 1109 854 XLVIII

237 924 276 964 p.
302 910 385 950 134
409 909 432 950 l.
457 910 511 950 33
535 920 762 950 LABERIVS
784 907 936 949 incert.
960 919 1046 947 XXI
1068 907 1126 963 (p.
1151 908 1232 948 301
1259 904 1485 957 Ribbeck).

239 994 277 1035 p.
304 982 387 1022 134
411 980 434 1021 l.
458 982 513 1021 34
545 990 855 1021 PYTHAGORAE
884 993 939 1019 on
969 975 1357 1033 metempsychosis
1382 975 1449 1016 De
1473 972 1634 1015 Anima
1657 974 1711 1013 28

150 1064 190 1106 p.
210 1049 292 1091 347
317 1050 340 1091 l.
366 1049 389 1092 7
416 1050 540 1092 Wiss.
559 1051 628 1104 (cf.
646 1066 686 1093 n.
702 1065 757 1091 on
778 1065 818 1106 p.
839 1051 921 1092 136
945 1049 970 1090 l.
986 1050 1043 1102 8).
1089 1050 1141 1090 31
1166 1063 1205 1104 p.
1230 1049 1313 1089 352
1338 1047 1363 1087 l.
1387 1048 1410 1087 5
1435 1044 1561 1086 Wiss.
1585 1044 1653 1097 (cf.
1672 1058 1711 1084 n.
1734 1066 1778 1088 10

147 1136 206 1162 on
223 1136 262 1177 p.
284 1122 367 1163 136
392 1121 415 1162 l.
432 1123 488 1174 3).
528 1124 582 1163 32
601 1136 662 1177 pr.
678 1121 877 1163 thamnus
895 1126 933 1162 et
947 1119 1083 1175 piscis
1093 1118 1184 1174 fai,
1201 1118 1342 1173 inquit
1355 1114 1680 1172 (Empedocles)
1696 1129 1709 1163 ‚·

150 1207 229 1234 cur
251 1208 330 1234 non
354 1193 494 1247 magtis
516 1199 553 1234 et
573 1193 705 1248 pepo?
736 1194 791 1234 33
808 1191 877 1233 fin.
897 1191 1000 1233 deas
1021 1191 1165 1245 itaque
1186 1188 1396 1231 iudicabit
1412 1187 1594 1243 plenius,
1609 1184 1713 1240 quia

148 1263 380 1305 eatremius
395 1279 477 1319 per
493 1264 744 1305 sententiam
762 1269 981 1305 aeternam
997 1267 1087 1303 tam
1105 1259 1312 1316 supplicii
1333 1274 1462 1314 quam
1478 1254 1713 1313 refriyerii‚

153 1349 225 1375 nec
256 1334 302 1374 in
334 1334 486 1376 bestias
517 1334 589 1376 sed
619 1334 665 1375 iii
697 1349 777 1375 sua
809 1348 991 1388 corpora
1021 1330 1326 1374 reuertentibus
1357 1327 1592 1371 animabus.
1656 1327 1711 1367 34

152 1418 191 1459 p.
227 1406 310 1445 358
344 1404 367 1445 l.
403 1406 457 1445 22
481 1404 606 1445 Wiss.
640 1406 695 1446 35
728 1419 766 1460 p.
800 1406 885 1446 360
918 1404 942 1445 l.
977 1405 1031 1445 10
1057 1402 1179 1444 Wiss.
1241 1401 1309 1443 De
1332 1399 1459 1443 Cam.
1489 1397 1709 1439 Resur1·.1
1734 1413 1776 1444 15

153 1488 193 1529 p.
218 1475 271 1514 25
295 1474 319 1515 l.
346 1476 398 1516 15
423 1474 497 1515 Kr.
521 1475 628 1516 satis
649 1481 708 1517 est
729 1480 884 1524 autem,
905 1474 944 1515 si
972 1489 1055 1515 non
1082 1473 1224 1514 minor
1252 1469 1526 1528 philosophia
1547 1467 1713 1522 Pytha-

149 1559 283 1599 9orae
303 1550 341 1587 et
354 1545 626 1600 Empedoclis
642 1552 680 1588 et
696 1545 916 1587 Platonici
936 1544 1223 1586 immortalem
1246 1542 1441 1584 animam
1458 1555 1478 1582 e
1499 1536 1713 1582 contrario

153 1615 404 1664 reclamant,
441 1614 572 1656 immo
604 1615 742 1658 adhuc
766 1615 965 1670 proxime
997 1614 1127 1656 etiam
1157 1613 1204 1654 in
1235 1626 1415 1667 corpora
1446 1607 1714 1652 remeabilem

153 1684 402 1739 adfirmavit.
459 1686 535 1727 etsi
556 1701 637 1728 nori
660 1686 705 1726 in
728 1685 885 1734 eadem,
908 1685 987 1727 etsi
1008 1700 1090 1726 non
1110 1684 1157 1724 in
1179 1683 1371 1724 humana
1391 1685 1559 1722 tantam
1581 1677 1713 1725 modo,

160 1761 202 1796 at
230 1755 485 1811 Euphorbus
515 1757 562 1798 in
592 1756 903 1812 Pythayoram,
925 1756 1143 1797 Homerus
1175 1754 1221 1795 in
1247 1768 1417 1809 palium
1457 1765 1503 1792 re
1520 1748 1712 1792 <dire>
1734 1766 1779 1788 20

153 1831 414 1867 censeantur.
478 1832 584 1868 certe
624 1826 911 1868 recidiiiatum
954 1825 1128 1866 animae
1159 1823 1423 1878 corporalem
1459 1818 1715 1876 pronuntia-

156 1901 319 1937 verunt.
394 1895 460 1937 De
498 1895 676 1938 Testim.
714 1895 859 1937 Anim.
898 1897 924 1936 4
961 1910 1000 1951 p.
1041 1896 1125 1935 138
1162 1894 1188 1935 l.
1224 1895 1278 1933 18
1322 1891 1444 1933 Wiss.
1483 1905 1533 1932 ea
1571 1888 1713 1944 opinio

159 1966 409 2008 Christiana
423 1967 499 2008 etsi
515 1967 725 2009 honestior
740 1967 870 2008 multo
894 1965 1199 2021 Pythayorica,
1215 1977 1322 2019 qaae
1343 1968 1381 2004 te
1402 1976 1485 2003 ozon
1501 1961 1548 2001 in
1562 1959 1714 2001 bestias

154 2035 365 2092 transfert
378 2052 392 2087 ,·
426 2037 503 2078 etsi
517 2037 690 2092 plenior
712 2036 953 2085 Platonica,
977 2049 1084 2090 qaae
1105 2034 1183 2075 tibi
1211 2033 1341 2075 etiam
1367 2032 1503 2073 dotem
1526 2027 1716 2084 corporis

158 2104 311 2146 reddit.
373 2104 427 2145 ad
441 2110 529 2146 nab.
546 2116 560 2145 Ι
581 2106 634 2146 19
653 2120 691 2160 p.
708 2106 760 2146 91
778 2105 802 2146 l.
824 2107 875 2145 15
893 2103 1019 2145 Wiss.
1038 2109 1226 2145 attamen
1243 2106 1398 2157 quanto
1417 2096 1717 2154 acceptabilior
1736 2118 1754 2139 2
1760 2117 1780 2149 5

158 2179 307 2215 vnostra
321 2175 618 2229 praesumptio
641 2180 709 2224 est,
728 2189 835 2229 quae
856 2174 902 2214 in
921 2173 1067 2215 eadem
1084 2186 1265 2227 corpora
1280 2170 1499 2212 redituras
1515 2166 1714 2223 defendit.

161 2243 276 2285 uobis
307 2249 448 2285 autem
481 2250 637 2299 qucmto
670 2245 827 2285 uanius
858 2244 1068 2285 traditum
1105 2248 1175 2290 est,
1211 2240 1394 2283 hominis
1427 2238 1630 2293 spiritum
1670 2236 1715 2276 tn

160 2328 262 2355 cane
282 2314 350 2355 uel
370 2314 484 2355 mulo
507 2319 582 2355 aut
604 2328 771 2369 panone
798 2313 1072 2355 redituram?
1124 2311 1311 2366 Menage
1338 2324 1392 2350 on
1424 2306 1549 2362 Diog.
1574 2305 1716 2346 Laert.

160 2394 249 2423 VIII
266 2385 302 2423 5.
350 2382 502 2424 Rohde
526 2382 690 2438 Psyche
708 2382 804 2424 427.
825 2384 907 2424 568
925 2384 961 2424 3.
982 2383 1166 2423 454—6.
1208 2379 1357 2421 Ambr.
1377 2378 1443 2419 De
1462 2376 1563 2417 EXc.
1578 2375 1717 2416 Frabr.

161 2463 196 2492 Π
248 2450 431 2501 65—70‚
483 2451 723 2493 127-131,
790 2452 857 2492 De
906 2450 1015 2492 Fide
1065 2451 1237 2491 Resurr.
1285 2446 1325 2505 ἐξ
1358 2449 1423 2488 50.
1475 2445 1716 2487 129-133.
1738 2462 1784 2495 30

164 2523 258 2564 136.
321 2522 434 2577 Aug.
472 2521 539 2563 De
575 2521 722 2563 Gestis
764 2521 931 2578 Pelagii
968 2520 987 2577 ξ
1022 2523 1076 2562 18
1114 2532 1146 2561 Χ
1181 2521 1265 2561 486
1300 2530 1325 2559 C
1361 2517 1544 2559 Gaume.
1592 2514 1648 2556 ib.
1687 2525 1719 2554 X

163 2593 277 2634 1089
310 2591 374 2643 be,
412 2592 525 2632 1094
553 2607 589 2632 a.
651 2591 696 2632 in
732 2591 798 2632 Ps.
834 2593 889 2632 88
927 2605 1052 2631 serm.
1088 2592 1112 2630 2
1153 2587 1173 2644 ξ
1206 2592 1240 2630 5.
1294 2587 1350 2628 ib.
1391 2587 1473 2627 146
1514 2587 1567 2625 18
1604 2599 1640 2624 a.
1663 2599 1718 2624 m.

164 2661 489 2703 Rittershusius
520 2676 575 2702 on
608 2661 761 2717 Porph.
794 2661 882 2702 Vin.
917 2660 1101 2716 Pythag.
1144 2661 1211 2700 45.
1274 2656 1437 2698 Arnob.
1470 2667 1505 2696 ΙΙ
1550 2655 1603 2695 16
1646 2653 1720 2694 fin.

161 2733 275 2788 quod
296 2733 335 2773 si
356 2738 393 2774 et
413 2731 527 2772 illud
559 2737 617 2773 est
637 2746 798 2779 ueram,
823 2730 934 2785 quod
964 2731 1010 2771 iii
1041 2728 1259 2784 mysteriis
1288 2725 1580 2768 secretioribus
1612 2723 1719 2764 dici-

163 2808 246 2847 tur.
267 2802 313 2842 in
328 2801 511 2856 pecudes
532 2815 659 2855 aeque
680 2801 794 2841 alias
816 2799 959 2840 beluas
986 2799 1050 2840 ire
1078 2798 1248 2839 animas
1275 2794 1577 2851 improborum,
1603 2798 1720 2847 post·
1738 2813 1783 2845 35

161 2886 292 2926 qaam
323 2876 420 2911 sunt
445 2868 913 2923 hamanis'corporibus
941 2873 1098 2915 exutae,
1121 2864 1396 2921 manifestius
1424 2861 1721 2916 comprobatur
