1975 3306
158 189 199 229 p.
230 175 358 216 1041.
389 174 459 226 18]
668 172 1112 215 APOLOGETICVS
1147 175 1201 214 35
1639 175 1720 216 367

151 288 374 344 potestatis
399 287 620 343 pollicitus
652 293 720 336 est,
757 287 987 329 uiolauerit
1019 293 1095 329 aut
1129 302 1270 342 reyem
1302 302 1398 329 nece
1429 289 1722 331 attrectuuerit

158 364 233 400 aut
272 364 472 414 potestate
504 357 626 412 reyni
657 358 820 399 ea‘uerit
852 364 927 399 aut
952 358 1303 413 praesumptione
1335 359 1564 414 tyrannica
1600 360 1723 414 reyni

148 430 384 486 fastissium
422 429 705 484 usurpauerit,
738 428 968 470 anathema
998 429 1063 470 sit.
1128 428 1191 471 Cf.
1220 428 1349 471 Cone,
1376 429 1513 471 Tolet.
1544 432 1568 471 6
1599 445 1630 471 c.
1656 432 1720 472 18.

160 500 396 542 Nemnann
420 511 434 540 Ι
460 501 513 541 96
537 514 575 540 n.
600 501 625 540 3
649 514 734 554 seq.
762 501 844 541 239
868 500 904 540 4.
930 501 1014 540 240
1040 502 1075 540 1.

248 586 285 626 p.
311 572 394 611 104
428 570 451 611 l.
478 572 530 610 15
555 580 735 610 LAVRVS
760 569 983 610 Herodian
1015 570 1244 623 μεγίστοις
1279 571 1525 612 κατάσκιον
1557 570 1722 626 δαφνη-
1743 589 1763 621 5

161 640 315 696 φόροις
359 638 562 681 ἄλσεσιν.
627 638 798 694 Lampr.
844 639 1008 680 Comm.
1055 639 1106 680 17
1150 637 1188 695 ἓξ
1233 642 1356 681 1—2.
1422 638 1463 691 Q
1507 640 1723 682 Aemilius

159 709 316 751 Laetus
342 708 485 765 praef.
521 714 558 751 et
585 708 759 750 M'arcia
788 708 1018 750 concubina
1051 709 1140 750 eius
1172 709 1362 750 inierunt
1387 709 1718 752 coniurationem

160 780 217 821 ad
236 779 508 821 occidendum
525 794 629 820 eum.
677 778 954 833 primumque
976 778 1015 820 ei
1037 793 1241 820 uenenum
1255 778 1481 830 cleclerunt;
1505 780 1723 834 quodcum

161 850 301 891 minus
330 855 592 905 operaretur,
623 864 700 904 per
733 849 949 898 athletam„
978 864 1070 890 cum
1101 863 1180 903 quo
1215 850 1400 891 ecterceri
1431 849 1598 900 solebat,
1628 865 1723 892 eum

158 921 496 975 strcmgyutarzmt.
560 919 712 959 Allard
736 918 1016 960 Perse'cution
1039 918 1092 960 de
1117 919 1363 960 Diocle'tien
1389 931 1404 960 Ι
1430 922 1524 962 131.
1744 941 1787 963 10

248 1005 286 1046 p.
312 992 395 1031 104
428 990 451 1031 l.
477 993 530 1032 16
566 999 913 1030 PALAESTRICAM
952 989 1012 1030 De
1043 989 1240 1044 Spectao.
1266 992 1319 1030 18
1353 1005 1391 1045 p.
1418 992 1472 1032 20
1496 991 1519 1032 l.
1546 990 1568 1032 7
1599 991 1720 1033 Wiss.

160 1067 197 1102 et
217 1061 478 1116 palaestrica
501 1060 661 1102 diaboli
682 1060 895 1114 'nessotium
917 1066 986 1101 est.
1053 1058 1238 1112 Quintil.

249 1142 483 1171 PALATIVM
515 1129 700 1185 Capitol.
732 1129 894 1170 Pertin.
930 1132 980 1170 11
1017 1127 1036 1186 ξ
1065 1132 1085 1170 1
1119 1131 1292 1171 trecenti
1317 1131 1453 1185 iyitur
1487 1131 1538 1173 cle
1566 1132 1722 1173 castris

160 1201 324 1242 armati
373 1201 430 1242 acl
480 1200 786 1255 imperatorias
831 1200 954 1242 aedes
1004 1215 1129 1241 cuneo
1173 1200 1297 1256 facto
1348 1202 1509 1244 milites
1559 1217 1719 1244 uenere.

159 1270 178 1328 ᾖ
221 1274 246 1312 4
288 1271 360 1313 sed
401 1270 534 1312 subito
574 1270 721 1325 ylobus
762 1271 838 1312 ille
878 1271 924 1312 in
966 1271 1199 1312 Palatium
1234 1273 1435 1327 peruenit
1474 1288 1605 1328 neque
1647 1280 1722 1316 aut
1743 1294 1785 1325 15

161 1342 301 1384 arceri
325 1342 467 1397 potuit
496 1347 571 1382 aut
599 1342 854 1396 imperatori
880 1342 1086 1382 nztntiari.
1149 1340 1168 1397 ξ
1198 1344 1222 1383 6
1255 1349 1591 1397 superuenerunt
1612 1343 1720 1385 Per-

159 1412 303 1461 tinaci,
345 1427 441 1453 cum
490 1411 566 1452 ille
617 1411 808 1453 aulicum
850 1410 1136 1467 famulicium
1189 1412 1421 1463 ordinaret,
1463 1414 1721 1469 ingrressique

154 1482 348 1537 porticus
388 1480 563 1522 Palatii
603 1496 731 1536 usque
782 1481 839 1522 ad
886 1481 1022 1523 locum
1070 1482 1144 1536 qui
1195 1482 1444 1537 appellatur
1486 1483 1642 1525 Sicilia
1685 1490 1722 1526 et

159 1552 283 1594 Iouis
314 1552 486 1593 cenatio.
542 1549 562 1607 ξ
593 1553 618 1592 8
648 1566 799 1593 'uerum
821 1567 915 1594 cum
938 1552 996 1593 aol
1016 1552 1226 1594 interiora
1250 1560 1589 1609 prorumperent,
1612 1554 1721 1596 Per-

160 1622 280 1663 tinace
314 1621 371 1662 acl
405 1635 471 1662 eos
505 1621 707 1676 processit
736 1636 880 1677 eosque
913 1622 1039 1677 lonya-
1065 1628 1103 1664 et
1131 1624 1264 1677 yraui
1292 1624 1482 1666 oratione
1512 1625 1719 1680 placauit.
1741 1645 1785 1668 20

159 1689 179 1747 ξ
221 1692 245 1732 9
287 1690 359 1732 sed
394 1680 488 1732 cum
522 1690 706 1731 Tausius
738 1691 925 1745 quidam,
957 1707 1067 1733 wius
1098 1707 1118 1733 e
1152 1692 1347 1747 Tungjris,
1379 1694 1426 1734 in
1456 1694 1574 1735 iram
1605 1700 1642 1736 et
1674 1695 1719 1735 in

159 1761 353 1802 timorem
376 1759 533 1801 milites
555 1759 758 1815 loquendo
781 1760 1037 1811 adcluoeisset,
1059 1761 1227 1803 hastam
1249 1763 1296 1803 in
1311 1769 1458 1818 pectus
1477 1763 1722 1806 Pertinacis

160 1831 313 1873 obiecit.
376 1836 474 1872 tunc
509 1830 583 1871 ille
610 1836 812 1885 precatus
853 1830 1002 1872 Iouem
1044 1831 1229 1873 Vltorem
1265 1838 1362 1887 togya
1394 1839 1520 1888 caput
1557 1834 1722 1889 operuit

160 1908 282 1957 atque
319 1917 346 1942 a
382 1902 528 1943 ceteris
562 1901 776 1957 confossus
813 1908 880 1943 est.
942 1900 961 1958 ἓ
1004 1904 1057 1944 13
1101 1903 1227 1944 multi
1267 1918 1370 1945 sane
1411 1904 1558 1946 clic‘unt
1591 1905 1721 1946 etiam

161 1972 397 2015 cubiculum
429 1972 587 2013 milites
617 1972 832 2027 inrupisse
865 1978 987 2028 atque
1017 1973 1111 2014 illic
1148 1974 1263 2015 circa
1299 1974 1450 2016 lectum
1480 1974 1720 2030 fuyientem
1740 1996 1783 2028 25

159 2042 430 2084 Pertinacem
453 2042 659 2083 occidisse.
722 2042 943 2083 Herodian
968 2054 1003 2083 ΙΙ
1028 2045 1049 2083 1
1074 2042 1094 2099 ἓ
1118 2046 1135 2083 l
1155 2044 1223 2095 (2).

248 2126 286 2167 p.
322 2113 405 2152 104
438 2111 461 2152 1.
496 2111 547 2152 17
582 2122 779 2152 SIGERIIS
809 2111 990 2152 Sueton.
1023 2111 1185 2153 Domita.
1216 2111 1267 2153 17
1298 2113 1539 2168 Stephanus
1571 2113 1719 2155 Domi-

161 2181 282 2223 tillae
337 2188 597 2237 procurator
617 2182 903 2238 professus
954 2184 1283 2238 conspirationis
1331 2184 1541 2226 indicium
1588 2190 1626 2226 et
1673 2185 1719 2226 ob

161 2252 233 2293 hoc
259 2251 472 2293 admissus
500 2251 649 2306 leyenti
680 2252 889 2292 traditum
922 2266 948 2292 a
974 2267 1016 2293 se
1048 2252 1240 2293 libellum
1271 2258 1308 2294 et
1339 2254 1513 2295 attonito
1545 2254 1719 2309 suffodit

160 2321 352 2375 inyuina.
413 2321 607 2362 saucium
639 2335 688 2362 ac
723 2327 1029 2376 repuynantem
1062 2322 1204 2363 adorti
1241 2322 1476 2364 Clodianus
1506 2322 1560 2365 et'
1579 2324 1718 2365 Maxi·
1735 2344 1778 2374 30

162 2405 256 2431 mus
292 2390 521 2431 Parthenii
558 2389 730 2431 libertus
764 2396 801 2431 et
837 2390 1040 2431 Saturius
1075 2390 1244 2432 decurio
1281 2391 1641 2434 cubiculariorum
1682 2399 1719 2436 et

162 2459 337 2514 quidam
376 2473 396 2500 e
430 2458 690 2513 yladiatorio
735 2458 835 2500 ludo
881 2458 1128 2500 ‘ct-ulneribus
1170 2465 1321 2514 septem
1360 2462 1717 2504 contr'uciclarmit.

164 2528 290 2570 Mart.
307 2540 355 2568 IV
375 2528 429 2569 78
448 2531 561 2569 5-8
579 2534 616 2570 et
637 2528 725 2569 sine
747 2534 783 2570 te
805 2529 917 2569 nulli
926 2529 1008 2584 fas
1030 2535 1089 2571 est
1109 2529 1291 2584 prodire
1312 2530 1490 2580 tribuno,
1511 2546 1583 2573 nec
1605 2538 1719 2573 caret

164 2598 298 2653 officio
321 2598 463 2639 consul
490 2604 661 2653 ‘uterque
683 2604 752 2639 tuo
767 2614 781 2648 ‚·
813 2605 850 2640 et
878 2613 998 2640 sacro
1028 2599 1191 2641 deciens
1218 2600 1373 2654 repetis
1393 2600 1576 2642 Palatia
1607 2602 1717 2643 cliuo

164 2668 431 2723 Siyeriosque
471 2683 608 2710 meros
650 2668 985 2723 Partheniosque
1025 2684 1160 2710 sonas.
1224 2669 1274 2710 D.
1327 2669 1442 2712 Cass.
1486 2682 1617 2712 LXVII
1652 2675 1716 2713 15.
1737 2688 1780 2720 35

164 2737 318 2778 Zosim.
352 2749 368 2778 Ι
403 2737 508 2791 7(2).

252 2821 290 2861 p.
316 2808 399 2847 104
430 2807 455 2848 l.
481 2810 534 2847 18
568 2818 627 2847 DE
658 2817 867 2847 ROMANIS
898 2821 930 2847 c.
960 2808 1016 2846 44
1046 2807 1070 2847 f.
1094 2807 1144 2848 de
1174 2808 1328 2849 vuestris
1358 2823 1521 2865 semper
1552 2816 1718 2852 aestuat

165 2890 321 2918 carcer.
