1975 3306
77 116 118 157 p.
145 105 200 143 22
222 103 250 145 1.
275 103 316 157 6]
571 102 1017 145 APOLOGETICVS
1052 105 1089 153 5,
1126 105 1150 145 6
1565 102 1641 142 181

166 234 202 274 p.
228 221 283 260 20
315 219 337 261 1.
363 221 416 261 29
439 231 631 261 CENTVM
655 231 778 261 AERA
802 219 994 262 Saluiam.
1019 219 1119 276 gub,
1146 222 1166 260 1
1191 217 1210 275 ξ
1236 221 1287 260 10
1313 217 1381 258 fin.

163 305 202 345 p.
229 292 283 332 20
306 290 330 332 l.
353 292 410 332 30
439 301 677 331 SVBSCRIBI
713 293 766 331 18
798 290 871 332 sed
902 306 953 333 ne
983 291 1137 333 notitia
1169 294 1357 338 uacaret,
1380 287 1454 330 lzoc
1487 302 1646 343 quoque

77 375 104 401 a
129 360 309 403 Iudaeis
329 360 572 403 Ptolemaeo
594 361 878 416 subscriptum
907 367 977 404 est.
1038 361 1147 417 uirg.
1170 360 1253 401 uel.
1278 362 1332 401 10
1366 359 1469 402 certi
1498 373 1646 399 sumus

75 431 291 486 Spiritum
342 437 536 473 sanctum
590 432 731 486 magyis
784 431 989 473 masculis
1035 431 1119 473 tale
1165 429 1336 486 aliquid
1388 428 1645 471 subscribere

74 502 270 558 potuisse,
312 502 351 543 si
383 501 571 556 feminis
624 501 948 557 subscripsisset.
1024 501 1123 543 idol.
1163 503 1216 542 13
1251 500 1381 557 festis
1422 499 1568 541 diebus
1609 505 1645 541 et
1665 511 1683 543 5

77 572 181 613 aliis
216 572 581 614 eoetraordinariis
621 572 986 621 sollemnitatibus,
1030 587 1136 628 quas
1175 570 1392 614 interdum
1441 569 1646 612 lasciuiae

75 642 293 685 interdum
324 641 553 684 timiditati
585 648 755 684 nostrae
785 642 1097 684 subscribimus.

166 727 206 767 p.
229 714 285 754 20
308 712 331 754 l.
356 714 408 754 31
434 723 703 754 SAGINATAM
722 712 820 768 pall.
840 716 864 755 5
885 713 909 754 f.
926 712 1183 768 praecidam
1201 712 1497 767 9ulam...qua
1518 710 1643 765 Aufi-

76 783 176 825 dius
197 782 335 825 Lurco
352 783 525 838 primus
546 783 702 838 sagyina
721 798 901 838 corpora
922 783 1101 824 uitiauit
1123 788 1160 824 et
1182 781 1337 824 coactis
1358 781 1576 823 alimentis
1597 781 1641 822 in

76 853 370 896 adulterinum
398 853 595 908 prouexit
615 868 823 909 saporem.
887 852 1015 895 Mart.
1038 864 1127 893 XIII
1159 854 1212 894 62
1241 852 1436 907 pascitur
1461 857 1499 893 et
1527 851 1645 894 dulci
1667 866 1707 888 10

75 929 156 964 cet.
218 923 341 965 inser.
379 923 530 965 auium
560 923 724 979 fartor.
787 922 988 964 auiarius
1024 921 1266 963 altiliarius
1301 921 1459 975 (Orelli
1498 923 1643 974 2866).

65 994 263 1051 fartores
286 993 454 1036 Colum.
476 1005 565 1035 VIII
591 994 613 1035 7
637 997 671 1035 1.
734 999 909 1036 curator
927 992 1196 1048 yallinarius
1219 993 1355 1033 Varro
1378 1004 1432 1033 III
1462 994 1485 1034 9
1511 991 1546 1032 7.
1575 991 1643 1033 lex

77 1063 247 1106 Fannia
269 1076 347 1106 Ro.
373 1066 468 1106 161.
524 1063 640 1106 Plin.
663 1064 718 1105 ad
741 1063 853 1105 Trai.
878 1065 933 1105 50
956 1064 1052 1117 (71)
1074 1061 1093 1120 ξ
1119 1065 1200 1105 139
1228 1063 1421 1119 yallinas
1441 1062 1645 1117 sayi'nare

76 1133 250 1175 Deliaci
271 1148 448 1189 coepere,
470 1133 582 1175 unde
609 1134 741 1189 pestis
763 1139 910 1175 eoeorta
932 1133 1099 1188 opimas
1120 1148 1222 1175 aues
1249 1138 1287 1174 et
1307 1137 1452 1187 suopte
1473 1145 1645 1186 corpore

79 1209 227 1246 unctas
268 1203 518 1245 deuorandi.
593 1204 668 1246 hoc
703 1204 899 1259 primum
941 1203 1129 1258 antiquis
1171 1218 1372 1244 cenarum
1407 1201 1645 1243 interdictis
1666 1221 1705 1252 15

76 1280 292 1330 eoeceptum
321 1274 492 1316 inuenio
521 1274 612 1315 iam
643 1274 730 1329 leye
763 1273 806 1316 O.
828 1273 975 1315 Fanni
996 1287 1072 1315 cos.
1095 1273 1175 1314 XI
1196 1273 1321 1314 annis
1350 1277 1446 1314 ante
1473 1271 1643 1313 tertium

77 1345 295 1387 Punicum
318 1344 484 1395 bellum,
505 1360 556 1387 ne
583 1345 688 1400 quid
709 1344 880 1386 uoluere
905 1349 1135 1399 poneretur
1159 1348 1337 1399 praeter
1357 1357 1489 1383 unam
1513 1342 1643 1396 ycilli-

76 1430 179 1456 nam
217 1430 324 1471 quae
356 1430 440 1457 non
473 1420 575 1456 esset
608 1414 757 1463 altilis,
790 1414 900 1469 quod
930 1413 1080 1455 deinde
1112 1419 1240 1468 caput
1274 1411 1532 1454 translatum
1564 1426 1645 1466 per

77 1500 218 1526 omnes
246 1486 355 1540 leyes
377 1484 629 1526 ambulauit.
691 1484 754 1526 Le.
780 1483 826 1527 C.
850 1483 1047 1525 Fannius
1070 1482 1229 1525 Strabo
1252 1481 1643 1538 [Pauly-VVissowa

78 1554 145 1595 Bd
167 1566 217 1595 VI
242 1557 355 1597 1994
376 1554 427 1596 A.
444 1554 518 1609 S.].
580 1555 631 1596 cf.
654 1553 767 1595 Rein
789 1553 833 1594 in
859 1553 998 1608 Pauly
1020 1568 1093 1594 s.u.
1119 1552 1368 1608 ‘sumptus'
1662 1569 1707 1591 20

166 1639 205 1680 p.
230 1626 284 1665 20
306 1624 330 1665 I.
355 1626 409 1665 32
434 1635 591 1665 DECEM
625 1635 780 1665 PONDO
824 1623 938 1665 Plut.
961 1623 1069 1665 Sull.
1096 1625 1115 1663 1
1141 1638 1201 1679 pr.

166 1708 206 1749 p.
249 1695 303 1734 22
346 1694 370 1735 1.
416 1696 437 1734 1
484 1704 1111 1735 THEATRA...DESTRVEBANT
1157 1698 1294 1748 spect.
1339 1694 1392 1733 10
1431 1691 1643 1733 theatrum

70 1764 253 1819 proprie
293 1764 538 1806 sacrarium
576 1763 751 1805 Veneris
792 1768 862 1805 est.
924 1763 999 1805 hoc
1040 1762 1219 1817 denique
1261 1761 1384 1803 modo
1426 1761 1473 1802 id
1511 1775 1644 1816 ‘oenus

78 1833 218 1889 operis
252 1834 299 1874 in
338 1834 506 1876 saeculo
548 1834 695 1875 euasit.
757 1849 861 1874 nam
901 1848 1026 1888 saepe
1066 1847 1254 1874 censores
1294 1830 1512 1872 ‘nascentia
1549 1845 1642 1871 cum

77 1904 264 1945 mawime
285 1904 452 1945 theatra
474 1903 754 1951 destruebant,
778 1902 964 1945 moribus
993 1903 1262 1950 consulentes,
1284 1916 1464 1957 quorum
1484 1900 1643 1942 scilicet
1662 1922 1703 1954 25

71 1974 316 2030 periculum
342 1974 490 2029 inyens
518 1974 569 2016 de
598 1974 782 2015 lasciuia
809 1973 1108 2029 prouidebant,
1132 1973 1287 2014 utiam
1313 1972 1380 2013 hic
1401 1970 1576 2012 ethnicis
1596 1969 1639 2010 in

77 2043 364 2085 testimouium
385 2043 505 2085 cedat
525 2043 731 2085 sententia
752 2043 943 2098 ipsorum
967 2042 1181 2084 nobiscum
1202 2041 1374 2097 faciens
1396 2046 1433 2082 et
1458 2039 1575 2081 nobis
1595 2039 1638 2079 in

77 2114 444 2168 eoeayyerationem
466 2113 720 2168 disciplinae
741 2113 872 2154 etiam
894 2113 1110 2153 humanae
1131 2110 1459 2166 praerogatiua.
1522 2108 1641 2150 Oros.

79 2193 127 2223 IV
151 2185 202 2223 21
228 2184 265 2223 4.
329 2183 378 2224 V.
398 2183 457 2224 M.
482 2195 517 2224 II
541 2186 566 2223 4
591 2185 626 2224 2.
688 2182 796 2224 Plin.
820 2182 859 2224 h.
877 2198 917 2224 n.
941 2193 1045 2223 XVII
1071 2184 1124 2224 25
1147 2180 1167 2238 ξ
1189 2183 1284 2221 244.
1347 2179 1432 2221 Dio
1454 2190 1551 2220 LVII
1575 2181 1638 2220 11.

78 2251 280 2294 Tiberius
300 2251 513 2293 banished
536 2258 687 2293 acbors.
751 2251 1009 2307 Marquard‘n
1032 2256 1102 2292 ΙΙΙ2
1125 2252 1209 2292 530
1231 2265 1269 2291 n.
1295 2252 1332 2292 6.
1659 2268 1704 2300 30

167 2337 206 2378 p.
231 2324 284 2363 22
308 2323 332 2363 l.
358 2324 381 2363 2
414 2334 708 2363 DIGNITATVM
741 2322 908 2363 Herald
930 2321 1107 2377 digress.
1132 2332 1147 2361 I
1171 2324 1194 2363 6
1219 2335 1258 2375 p.
1282 2321 1466 2361 203—4.

166 2407 205 2447 p.
231 2394 284 2432 22
307 2392 331 2433 l.
356 2394 381 2434 3
405 2391 514 2433 Gell.
538 2403 572 2432 ΙΙ
597 2393 652 2432 24
673 2389 865 2448 §2-15.
917 2390 1104 2431 Macrob.
1124 2400 1178 2430 ΙΙΙ
1199 2389 1266 2430 17.
1318 2393 1326 2408 ‘
1341 2386 1639 2444 sumptuariae

78 2461 218 2518 leges'
241 2461 344 2503 diet.
367 2469 455 2503 ant.

166 2547 206 2587 p.
239 2534 293 2572 22
326 2532 350 2573 l.
384 2535 408 2573 5
442 2543 603 2572 PARVM
635 2542 716 2572 EST
747 2542 788 2572 SI
846 2530 945 2571 idol.
969 2531 992 2571 7
1018 2545 1073 2571 m.
1100 2544 1145 2584 p.
1166 2529 1221 2570 sit
1241 2529 1280 2569 si
1302 2527 1352 2569 ab
1376 2527 1478 2569 aliis
1500 2527 1639 2568 mam·-

80 2601 154 2642 bus
175 2602 390 2656 accipiant
411 2601 521 2656 quod
542 2602 838 2643 contaminent.
888 2600 1071 2656 patient.
1095 2601 1121 2640 3
1137 2614 1192 2640 m.
1210 2614 1367 2654 parum
1393 2598 1476 2646 hoc⁷
1499 2598 1537 2639 si
1557 2613 1635 2639 'non
1659 2615 1701 2647 35

80 2671 210 2711 etiam
225 2670 492 2724 proditorem
513 2685 639 2711 suum
659 2685 798 2712 secum
819 2670 977 2711 habuit.

167 2754 208 2795 p.
232 2741 285 2779 22
309 2739 334 2780 l.
353 2742 376 2781 6
400 2750 582 2780 FLAGRA
604 2750 916 2780 RVMPENTIVM
939 2739 1037 2780 qu.
1055 2739 1079 2779 6
1103 2738 1187 2779 479
1212 2736 1370 2778 Friedl.
1386 2736 1452 2778 hic
1463 2735 1641 2792 flanyit

69 2808 269 2864 ferula33
301 2810 327 2849 8
351 2809 432 2850 247
457 2808 658 2850 nodosam
681 2809 859 2864 posthac
869 2807 1108 2864 franyebat
1134 2807 1291 2849 uertice
1315 2807 1446 2848 uitem
1467 2820 1508 2846 n.
1534 2804 1639 2858 (and
