1975 3306
182 391 200 418 0

290 146 367 185 122
865 146 1267 187 TERTVLLIANI

283 260 672 314 gymnosophistae
697 276 860 308 sumus,
889 261 1107 302 siluicolae
1134 267 1174 302 et
1202 262 1348 302 exules
1376 262 1505 302 uitae.
1568 261 1845 301 Meminimus

283 337 471 388 gratiam
509 337 665 378 debere
704 354 781 379 nos
818 339 911 387 deo,
952 339 1143 387 domino,
1184 340 1389 380 creatori:
1446 340 1612 380 nullum
1653 339 1842 379 fructum

284 430 464 469 operum
492 416 581 456 eius
607 417 909 471 repudiamus:
954 417 1082 471 plane
1108 424 1417 472 temperamuS,
1446 433 1498 458 116
1527 418 1638 459 ultra
1666 417 1843 458 modum

284 500 362 534 aut
385 508 611 548 perperam
636 500 826 536 utamur.
889 496 1047 550 ltaque
1071 511 1157 536 11011
1180 496 1270 536 sine
1294 496 1399 540 foro,
1426 510 1512 536 11011
1535 496 1626 536 sine
1649 495 1842 539 macello,

285 587 371 612 11011
405 573 495 612 sine
529 573 707 617 balneis,
745 574 950 623 tabernis,
987 574 1181 621 officinis,
1217 574 1414 621 stabulis,
1451 575 1656 614 nundinis
1691 574 1885 622 uestris5

285 651 524 705 ceterisque
548 652 816 692 commerciis
839 651 1145 692 cohabitamus
1168 652 1209 692 in
1235 652 1314 692 hoc
1337 652 1521 692 saeculo.
1575 651 1846 704 Nauigamus

286 738 329 772 et
348 747 427 772 nos
449 732 674 773 uobiscum
696 740 739 774 et
760 734 998 774 militamus
1020 740 1062 774 et
1082 734 1345 774 rusticamur
1365 740 1408 774 et
1429 739 1647 774 mercatus
1667 732 1846 787 proinde

285 813 528 863 miscemus,
547 819 675 862 artes,
694 829 825 868 opera
842 820 991 855 nostra
1011 814 1282 868 publicamus
1298 815 1393 854 usui
1412 821 1569 855 uestro.
1617 813 1846 863 Quomodo

284 894 542 935 infructuosi
573 895 773 936 uidemur
800 895 986 949 negotiis
1016 896 1184 938 uestris.
1217 910 1315 935 cum
1346 890 1505 949 quibus
1535 901 1578 936 et
1607 895 1659 935 de
1689 894 1847 949 quibus

284 974 486 1023 111111111118,
515 979 616 1016 ’11011
654 976 754 1016 scio.
818 976 900 1017 Sed
940 977 972 1017 si
1013 977 1297 1017 caerimonias
1337 982 1436 1017 tuas
1476 992 1561 1017 non
1602 977 1844 1030 frequento,
1870 995 1911 1018 10

284 1060 483 1095 attamen
503 1062 546 1096 et
562 1056 634 1096 illa
653 1056 721 1096 die
740 1056 870 1097 homo
888 1072 997 1097 sum.
1062 1057 1159 1097 Non
1178 1058 1300 1098 lauor
1317 1058 1507 1098 diluculo
1526 1056 1843 1098 Saturnalibus.

284 1151 337 1176 ne
366 1142 409 1177 et
436 1143 610 1178 noctem
641 1143 683 1178 et
711 1138 825 1178 diem
855 1139 1049 1192 perdam,
1080 1145 1277 1180 attamen
1308 1140 1430 1180 lauor
1459 1140 1641 1179 honesta
1671 1139 1774 1179 hora
1804 1144 1845 1178 et

283 1217 459 1266 salubri,
491 1232 603 1272 quae
635 1218 740 1259 mihi
774 1225 817 1259 et
849 1220 1035 1259 calorem
1069 1226 1112 1261 et
1143 1221 1396 1275 sanguinem
1431 1227 1596 1263 seruet:
1643 1221 1776 1274 rigere
1805 1227 1847 1260 et

284 1298 443 1351 pallere
494 1304 595 1352 post
645 1299 869 1340 lauacrum
923 1306 1122 1341 mortuus
1174 1316 1364 1355 possum.
1428 1301 1525 1341 Non
1578 1302 1620 1341 111
1673 1301 1846 1355 publico

284 1379 556 1420 Liberalibus
591 1380 832 1427 discumbo,
871 1382 989 1435 quod
1025 1381 1240 1422 bestiariis
1275 1397 1524 1437 supremam
1561 1382 1847 1423 coenantibus
1870 1401 1910 1431 15

286 1475 379 1500 mos
413 1466 490 1509 est,
527 1467 726 1502 attamen
763 1462 833 1503 ubi
868 1463 921 1503 de
955 1463 1089 1517 copiis
1123 1463 1209 1503 tuis
1243 1478 1389 1504 coeno.
1453 1463 1551 1503 Non
1585 1478 1680 1503 emo
1715 1464 1845 1518 capiti

285 1555 504 1582 coronam.
569 1542 682 1591 Quid
739 1549 815 1583 tua
871 1544 1064 1592 interest,
1123 1545 1281 1598 emptis
1337 1545 1616 1585 nihilominus
1671 1544 1849 1584 floribus

284 1622 505 1675 quomodo
532 1624 658 1663 utar?
724 1624 837 1664 Puto
862 1625 1029 1678 gratius
1055 1640 1145 1665 esse
1171 1625 1315 1666 liberis
1341 1632 1384 1666 et
1408 1626 1561 1666 solutis
1587 1632 1629 1667 et
1656 1626 1848 1680 undique

284 1704 418 1758 uagis.
481 1704 563 1745 Sed
610 1705 686 1745 etsi
735 1705 777 1745 111
823 1720 1028 1746 coronam
1074 1707 1249 1755 coactis,
1296 1721 1374 1747 nos
1420 1721 1624 1747 coronam
1671 1707 1848 1747 naribus

284 1785 510 1829 nouimus:
567 1787 759 1828 uiderint
796 1788 869 1841 qui
909 1803 983 1842 per
1021 1788 1226 1842 capillum
1264 1788 1517 1829 odorantur.
1580 1788 1847 1842 Spectaculis
1869 1807 1913 1829 20

284 1880 372 1906 non
407 1867 713 1910 conueuimus:
767 1882 879 1921 quae
914 1874 1062 1908 tamen
1097 1869 1214 1922 apud
1249 1868 1343 1909 illos
1377 1874 1526 1909 coetus
1561 1868 1848 1909 uenditantur

284 1946 318 1986 si
345 1946 661 1996 desiderauer0‚
687 1947 862 1988 liberius
889 1948 942 1989 de
964 1949 1149 2003 propriis
1175 1949 1278 1989 locis
1304 1964 1489 1989 sumam.
1553 1949 1698 1989 Thura
1723 1949 1848 2003 plane

286 2044 373 2069 11011
410 2029 605 2070 emimus.
669 2030 709 2071 Si
749 2030 936 2071 Arabiae
972 2037 1228 2085 queruntur,
1266 2032 1407 2072 sciant
1443 2030 1597 2071 Sabaei
1635 2031 1768 2085 pluris
1805 2037 1848 2071 et

285 2110 460 2150 carioris
484 2124 585 2150 suas
610 2125 772 2150 merces
796 2110 1051 2152 Christianis
1075 2112 1333 2166 sepeliendis
1356 2112 1573 2167 profligari
1599 2127 1732 2166 quam
1757 2112 1847 2153 deis

284 2191 562 2245 fumigandis.
625 2191 762 2240 Certe,
822 2192 1016 2246 inquitis,
1077 2193 1341 2247 templorum
1400 2193 1631 2245 uectigalia
1688 2193 1847 2233 cotidie
1868 2207 1910 2238 25

285 2273 559 2327 decoquunt:
629 2274 763 2327 stipes
815 2274 1165 2328 quotusquisque
1215 2275 1301 2315 iam
1347 2275 1517 2330 iactat?
1582 2273 1680 2314 Non
1732 2274 1845 2314 enim

285 2354 523 2395 sufficimus
561 2361 604 2395 et
642 2355 892 2395 hominibus
929 2361 972 2396 et
1009 2356 1100 2396 deis
1138 2356 1293 2396 uestris
1331 2355 1682 2396 mendicantibus
1719 2369 1846 2409 opem

288 2434 409 2483 ferre,
467 2449 545 2475 nee
601 2441 810 2489 putamus
864 2436 957 2476 aliis
1013 2451 1145 2490 quam
1201 2436 1453 2491 petentibus
1508 2436 1844 2489 inpertiendum.

287 2515 487 2569 Denique
531 2517 725 2570 porrigat
769 2531 947 2557 manum
994 2518 1162 2572 lupi-ter
1205 2523 1249 2558 et
1292 2517 1492 2571 accipiat,
1532 2531 1630 2557 cum
1671 2517 1845 2558 interim

290 2596 384 2650 plus
418 2601 567 2636 nostra
601 2596 893 2637 misericordia
927 2597 1108 2638 insumit
1142 2598 1320 2638 uicatim
1355 2612 1486 2651 quam
1523 2602 1667 2637 uestra
1702 2597 1846 2649 religio
1867 2611 1912 2643 30

286 2677 548 2731 templatim.
611 2678 694 2718 Sed
724 2683 867 2718 cetera
897 2679 1127 2732 uectigalia
1156 2678 1319 2731 gratias
1349 2677 1605 2718 Christianis
1634 2683 1766 2731 agent
1795 2692 1846 2718 ex

286 2757 371 2798 fide
395 2757 745 2811 dependentibus
769 2758 982 2808 debitum,
1010 2774 1097 2813 qua
1122 2759 1262 2799 alieno
1288 2758 1534 2799 fraudando
1559 2758 1843 2807 abstinemus,

287 2844 349 2887 ut,
378 2838 411 2878 si
438 2838 852 2892 ineatur-quantum
881 2840 1167 2893 uectigalibus
1194 2846 1344 2894 pereat
1370 2840 1522 2880 fraude
1550 2845 1592 2880 et
1619 2839 1845 2880 mendacio
