<?xml version="1.0" encoding="UTF-8"?>
<!DOCTYPE html PUBLIC "-//W3C//DTD XHTML 1.0 Transitional//EN"
    "http://www.w3.org/TR/xhtml1/DTD/xhtml1-transitional.dtd">
<html xmlns="http://www.w3.org/1999/xhtml" xml:lang="en" lang="en">
 <head>
  <title>
</title>
<meta http-equiv="Content-Type" content="text/html;charset=utf-8" />
  <meta name='ocr-system' content='tesseract 3.04.00' />
  <meta name='ocr-capabilities' content='ocr_page ocr_carea ocr_par ocr_line ocrx_word'/>
</head>
<body>
  <div class='ocr_page' id='page_1' title='image "./qseptimiflorenti00tert_0439.png"; bbox 0 0 1975 3306; ppageno 0'>
   <div class='ocr_carea' id='block_1_1' title="bbox 79 127 1639 186">
    <p class='ocr_par' dir='ltr' id='par_1_1' title="bbox 79 127 1639 186">
     <span class='ocr_line' id='line_1_1' title="bbox 79 127 1639 186; baseline -0.004 -14"><span class='ocrx_word' id='word_1_1' title='bbox 79 145 121 186; x_wconf 93' lang='lat' dir='ltr'><em>p.</em></span> <span class='ocrx_word' id='word_1_2' title='bbox 152 130 281 173; x_wconf 85' lang='lat'>1201.</span> <span class='ocrx_word' id='word_1_3' title='bbox 307 131 380 183; x_wconf 80' lang='lat'><em>24]</em></span> <span class='ocrx_word' id='word_1_4' title='bbox 590 127 1034 172; x_wconf 80' lang='lat' dir='ltr'>APOLOGETIOVS</span> <span class='ocrx_word' id='word_1_5' title='bbox 1067 129 1119 169; x_wconf 92' lang='lat'><em>41</em></span> <span class='ocrx_word' id='word_1_6' title='bbox 1556 127 1639 167; x_wconf 87' lang='lat'><em>415</em></span> 
     </span>
    </p>
   </div>
   <div class='ocr_carea' id='block_1_2' title="bbox 79 242 1709 2610">
    <p class='ocr_par' dir='ltr' id='par_1_2' title="bbox 79 242 1639 438">
     <span class='ocr_line' id='line_1_2' title="bbox 79 242 1639 301; baseline -0.003 -15"><span class='ocrx_word' id='word_1_7' title='bbox 79 245 187 301; x_wconf 80' lang='lat' dir='ltr'>dig.)</span> <span class='ocrx_word' id='word_1_8' title='bbox 239 245 293 286; x_wconf 80' lang='lat' dir='ltr'><em>ad</em></span> <span class='ocrx_word' id='word_1_9' title='bbox 317 252 437 286; x_wconf 73' lang='lat' dir='ltr'>nat.1</span> <span class='ocrx_word' id='word_1_10' title='bbox 465 247 517 286; x_wconf 88' lang='grc'><em>14</em></span> <span class='ocrx_word' id='word_1_11' title='bbox 540 260 580 301; x_wconf 92' lang='lat' dir='ltr'><em>p.</em></span> <span class='ocrx_word' id='word_1_12' title='bbox 599 246 654 285; x_wconf 78' lang='grc'><em>84</em></span> <span class='ocrx_word' id='word_1_13' title='bbox 678 245 700 286; x_wconf 90' lang='lat' dir='ltr'>l.</span> <span class='ocrx_word' id='word_1_14' title='bbox 721 247 772 285; x_wconf 89' lang='lat'>21</span> <span class='ocrx_word' id='word_1_15' title='bbox 801 244 924 286; x_wconf 81' lang='lat' dir='ltr'>Wiss.</span> <span class='ocrx_word' id='word_1_16' title='bbox 978 244 1044 284; x_wconf 78' lang='lat' dir='ltr'><em>De</em></span> <span class='ocrx_word' id='word_1_17' title='bbox 1069 243 1163 285; x_wconf 87' lang='lat' dir='ltr'>Cor.</span> <span class='ocrx_word' id='word_1_18' title='bbox 1187 242 1316 284; x_wconf 67' lang='lat' dir='ltr'>Milit.</span> <span class='ocrx_word' id='word_1_19' title='bbox 1342 244 1365 283; x_wconf 86' lang='lat'>2</span> <span class='ocrx_word' id='word_1_20' title='bbox 1384 242 1455 284; x_wconf 87' lang='lat' dir='ltr'>fin.</span> <span class='ocrx_word' id='word_1_21' title='bbox 1508 242 1639 283; x_wconf 80' lang='lat' dir='ltr'><em>male-</em></span> 
     </span>
     <span class='ocr_line' id='line_1_3' title="bbox 80 311 1638 370; baseline -0.003 -14"><span class='ocrx_word' id='word_1_22' title='bbox 80 314 242 356; x_wconf 77' lang='lat' dir='ltr'><em>dictum</em></span> <span class='ocrx_word' id='word_1_23' title='bbox 265 315 331 357; x_wconf 82' lang='lat' dir='ltr'><em>De</em></span> <span class='ocrx_word' id='word_1_24' title='bbox 354 315 503 356; x_wconf 77' lang='lat' dir='ltr'>Idolol.</span> <span class='ocrx_word' id='word_1_25' title='bbox 525 316 576 355; x_wconf 91' lang='lat'>21</span> <span class='ocrx_word' id='word_1_26' title='bbox 602 329 640 370; x_wconf 89' lang='lat' dir='ltr'><em>p.</em></span> <span class='ocrx_word' id='word_1_27' title='bbox 661 316 714 355; x_wconf 98' lang='lat'><em>55</em></span> <span class='ocrx_word' id='word_1_28' title='bbox 739 314 763 354; x_wconf 92' lang='lat' dir='ltr'>l.</span> <span class='ocrx_word' id='word_1_29' title='bbox 784 315 837 354; x_wconf 87' lang='grc'><em>10</em></span> <span class='ocrx_word' id='word_1_30' title='bbox 862 313 985 355; x_wconf 85' lang='lat' dir='ltr'>Wiss.</span> <span class='ocrx_word' id='word_1_31' title='bbox 1036 312 1142 353; x_wconf 70' lang='lat' dir='ltr'><em>with</em></span> <span class='ocrx_word' id='word_1_32' title='bbox 1164 326 1242 354; x_wconf 79' lang='lat' dir='ltr'><em>cnr</em></span> <span class='ocrx_word' id='word_1_33' title='bbox 1262 311 1317 352; x_wconf 82' lang='lat' dir='ltr'><em>ad</em></span> <span class='ocrx_word' id='word_1_34' title='bbox 1338 317 1426 352; x_wconf 71' lang='lat' dir='ltr'>nab.</span> <span class='ocrx_word' id='word_1_35' title='bbox 1445 322 1460 351; x_wconf 94' lang='lat' dir='ltr'>I</span> <span class='ocrx_word' id='word_1_36' title='bbox 1479 313 1503 352; x_wconf 89' lang='grc'>5</span> <span class='ocrx_word' id='word_1_37' title='bbox 1528 325 1565 367; x_wconf 91' lang='lat' dir='ltr'><em>p.</em></span> <span class='ocrx_word' id='word_1_38' title='bbox 1585 312 1638 353; x_wconf 88' lang='grc'><em>65</em></span> 
     </span>
     <span class='ocr_line' id='line_1_4' title="bbox 83 381 1262 438; baseline -0.002 -14"><span class='ocrx_word' id='word_1_39' title='bbox 83 384 109 424; x_wconf 90' lang='lat' dir='ltr'>l.</span> <span class='ocrx_word' id='word_1_40' title='bbox 132 386 185 426; x_wconf 86' lang='grc'>26</span> <span class='ocrx_word' id='word_1_41' title='bbox 206 386 228 425; x_wconf 91' lang='lat' dir='ltr'>f.</span> <span class='ocrx_word' id='word_1_42' title='bbox 257 384 382 426; x_wconf 77' lang='lat' dir='ltr'>Wiss.</span> <span class='ocrx_word' id='word_1_43' title='bbox 445 384 550 425; x_wconf 70' lang='lat' dir='ltr'><em>with</em></span> <span class='ocrx_word' id='word_1_44' title='bbox 574 383 646 426; x_wconf 86' lang='lat' dir='ltr'>inf.</span> <span class='ocrx_word' id='word_1_45' title='bbox 670 383 725 424; x_wconf 81' lang='lat' dir='ltr'>ib.</span> <span class='ocrx_word' id='word_1_46' title='bbox 750 395 764 424; x_wconf 92' lang='lat'>1</span> <span class='ocrx_word' id='word_1_47' title='bbox 791 385 844 424; x_wconf 93' lang='lat'>10</span> <span class='ocrx_word' id='word_1_48' title='bbox 867 398 905 438; x_wconf 90' lang='lat' dir='ltr'><em>p.</em></span> <span class='ocrx_word' id='word_1_49' title='bbox 931 383 984 424; x_wconf 99' lang='lat'><em>79</em></span> <span class='ocrx_word' id='word_1_50' title='bbox 1008 383 1031 424; x_wconf 90' lang='lat' dir='ltr'>l.</span> <span class='ocrx_word' id='word_1_51' title='bbox 1058 384 1109 422; x_wconf 87' lang='lat'>21</span> <span class='ocrx_word' id='word_1_52' title='bbox 1137 381 1262 423; x_wconf 79' lang='lat' dir='ltr'>Wiss.</span> 
     </span>
    </p>

    <p class='ocr_par' dir='ltr' id='par_1_3' title="bbox 82 450 1681 720">
     <span class='ocr_line' id='line_1_5' title="bbox 171 450 1640 511; baseline -0.003 -15"><span class='ocrx_word' id='word_1_53' title='bbox 171 471 209 511; x_wconf 86' lang='lat' dir='ltr'><em>p.</em></span> <span class='ocrx_word' id='word_1_54' title='bbox 236 458 318 497; x_wconf 83' lang='lat'>120</span> <span class='ocrx_word' id='word_1_55' title='bbox 342 456 365 496; x_wconf 93' lang='lat' dir='ltr'>l.</span> <span class='ocrx_word' id='word_1_56' title='bbox 392 457 444 495; x_wconf 81' lang='grc'><em>12</em></span> <span class='ocrx_word' id='word_1_57' title='bbox 477 466 572 495; x_wconf 88' lang='lat' dir='ltr'><em>NON</em></span> <span class='ocrx_word' id='word_1_58' title='bbox 597 464 898 495; x_wconf 77' lang='lat' dir='ltr'>PRAECIPITAT</span> <span class='ocrx_word' id='word_1_59' title='bbox 920 454 1032 509; x_wconf 86' lang='lat' dir='ltr'>Aug.</span> <span class='ocrx_word' id='word_1_60' title='bbox 1048 453 1210 505; x_wconf 78' lang='lat' dir='ltr'><em>(where</em></span> <span class='ocrx_word' id='word_1_61' title='bbox 1228 453 1262 506; x_wconf 73' lang='lat'><em>2)</em></span> <span class='ocrx_word' id='word_1_62' title='bbox 1280 451 1374 493; x_wconf 85' lang='lat' dir='ltr'><em>God</em></span> <span class='ocrx_word' id='word_1_63' title='bbox 1398 450 1434 492; x_wconf 84' lang='lat' dir='ltr'><em>is</em></span> <span class='ocrx_word' id='word_1_64' title='bbox 1456 450 1640 507; x_wconf 72' lang='lat' dir='ltr'><em>patient,</em></span> 
     </span>
     <span class='ocr_line' id='line_1_6' title="bbox 82 521 1681 585; baseline -0.002 -19"><span class='ocrx_word' id='word_1_65' title='bbox 82 525 266 566; x_wconf 77' lang='lat' dir='ltr'><em>because</em></span> <span class='ocrx_word' id='word_1_66' title='bbox 298 525 476 585; x_wconf 70' lang='lat' dir='ltr'><em>eter11a1.</em></span> <span class='ocrx_word' id='word_1_67' title='bbox 540 524 657 565; x_wconf 70' lang='lat' dir='ltr'><em>Laeb.</em></span> <span class='ocrx_word' id='word_1_68' title='bbox 681 524 747 565; x_wconf 78' lang='lat' dir='ltr'><em>De</em></span> <span class='ocrx_word' id='word_1_69' title='bbox 778 524 850 565; x_wconf 79' lang='lat' dir='ltr'><em>Ira</em></span> <span class='ocrx_word' id='word_1_70' title='bbox 873 524 955 565; x_wconf 74' lang='lat' dir='ltr'><em>Dei</em></span> <span class='ocrx_word' id='word_1_71' title='bbox 981 525 1046 565; x_wconf 89' lang='grc'><em>20.</em></span> <span class='ocrx_word' id='word_1_72' title='bbox 1109 523 1222 578; x_wconf 86' lang='lat' dir='ltr'>Aug.</span> <span class='ocrx_word' id='word_1_73' title='bbox 1247 522 1313 563; x_wconf 82' lang='lat' dir='ltr'><em>De</em></span> <span class='ocrx_word' id='word_1_74' title='bbox 1337 521 1432 564; x_wconf 87' lang='lat' dir='ltr'>Ciu.</span> <span class='ocrx_word' id='word_1_75' title='bbox 1458 521 1541 563; x_wconf 74' lang='lat' dir='ltr'><em>Dei</em></span> <span class='ocrx_word' id='word_1_76' title='bbox 1565 533 1580 563; x_wconf 86' lang='lat'>1</span> <span class='ocrx_word' id='word_1_77' title='bbox 1604 526 1639 563; x_wconf 94' lang='grc'><em>8.</em></span> <span class='ocrx_word' id='word_1_78' title='bbox 1662 536 1681 568; x_wconf 87' lang='grc'>5</span> 
     </span>
     <span class='ocr_line' id='line_1_7' title="bbox 83 593 1639 649; baseline -0.003 -12"><span class='ocrx_word' id='word_1_79' title='bbox 83 595 231 637; x_wconf 80' lang='lat' dir='ltr'><em>Lucan</em></span> <span class='ocrx_word' id='word_1_80' title='bbox 264 607 298 635; x_wconf 94' lang='lat'><em>11</em></span> <span class='ocrx_word' id='word_1_81' title='bbox 334 597 427 637; x_wconf 84' lang='lat'>106.</span> <span class='ocrx_word' id='word_1_82' title='bbox 475 611 501 635; x_wconf 88' lang='lat' dir='ltr'>v</span> <span class='ocrx_word' id='word_1_83' title='bbox 536 594 632 636; x_wconf 89' lang='lat'>795.</span> <span class='ocrx_word' id='word_1_84' title='bbox 682 606 750 635; x_wconf 88' lang='lat' dir='ltr'><em>VII</em></span> <span class='ocrx_word' id='word_1_85' title='bbox 781 596 847 643; x_wconf 86' lang='lat'><em>52,</em></span> <span class='ocrx_word' id='word_1_86' title='bbox 874 596 959 635; x_wconf 81' lang='grc'><em>353</em></span> <span class='ocrx_word' id='word_1_87' title='bbox 992 594 1038 635; x_wconf 89' lang='lat' dir='ltr'><em>in</em></span> <span class='ocrx_word' id='word_1_88' title='bbox 1073 593 1359 649; x_wconf 80' lang='lat' dir='ltr'><em>Havercamp.</em></span> <span class='ocrx_word' id='word_1_89' title='bbox 1423 593 1472 634; x_wconf 83' lang='lat' dir='ltr'>cf.</span> <span class='ocrx_word' id='word_1_90' title='bbox 1510 593 1639 648; x_wconf 85' lang='lat' dir='ltr'>Apul.</span> 
     </span>
     <span class='ocr_line' id='line_1_8' title="bbox 84 665 732 720; baseline -0.003 -14"><span class='ocrx_word' id='word_1_91' title='bbox 84 665 260 706; x_wconf 72' lang='lat' dir='ltr'><em>Metam.</em></span> <span class='ocrx_word' id='word_1_92' title='bbox 286 676 334 705; x_wconf 82' lang='lat' dir='ltr'><em>lx</em></span> <span class='ocrx_word' id='word_1_93' title='bbox 364 668 384 705; x_wconf 95' lang='lat'>1</span> <span class='ocrx_word' id='word_1_94' title='bbox 411 680 472 720; x_wconf 84' lang='lat' dir='ltr'><em>pr.</em></span> <span class='ocrx_word' id='word_1_95' title='bbox 497 665 732 706; x_wconf 74' lang='lat' dir='ltr'><em>consilinm.</em></span> 
     </span>
    </p>

    <p class='ocr_par' dir='ltr' id='par_1_4' title="bbox 173 733 1279 790">
     <span class='ocr_line' id='line_1_9' title="bbox 173 733 1279 790; baseline 0 -15"><span class='ocrx_word' id='word_1_96' title='bbox 173 746 516 776; x_wconf 80' lang='lat' dir='ltr'>DISCRETIONEM</span> <span class='ocrx_word' id='word_1_97' title='bbox 539 735 588 776; x_wconf 82' lang='lat' dir='ltr'>cf.</span> <span class='ocrx_word' id='word_1_98' title='bbox 612 734 725 790; x_wconf 87' lang='lat' dir='ltr'>Aug.</span> <span class='ocrx_word' id='word_1_99' title='bbox 749 734 815 775; x_wconf 82' lang='lat' dir='ltr'><em>De</em></span> <span class='ocrx_word' id='word_1_100' title='bbox 839 733 937 776; x_wconf 87' lang='lat' dir='ltr'>Ciu.</span> <span class='ocrx_word' id='word_1_101' title='bbox 959 733 1042 775; x_wconf 83' lang='lat' dir='ltr'><em>Dei</em></span> <span class='ocrx_word' id='word_1_102' title='bbox 1065 745 1189 774; x_wconf 81' lang='lat' dir='ltr'>XVIII</span> <span class='ocrx_word' id='word_1_103' title='bbox 1213 735 1279 776; x_wconf 88' lang='lat'><em>54.</em></span> 
     </span>
    </p>

    <p class='ocr_par' dir='ltr' id='par_1_5' title="bbox 173 804 936 860">
     <span class='ocr_line' id='line_1_10' title="bbox 173 804 936 860; baseline -0.004 -14"><span class='ocrx_word' id='word_1_104' title='bbox 173 820 210 860; x_wconf 91' lang='lat' dir='ltr'><em>p.</em></span> <span class='ocrx_word' id='word_1_105' title='bbox 238 806 320 846; x_wconf 90' lang='grc'><em>120</em></span> <span class='ocrx_word' id='word_1_106' title='bbox 343 805 368 845; x_wconf 87' lang='lat' dir='ltr'>l.</span> <span class='ocrx_word' id='word_1_107' title='bbox 394 807 445 845; x_wconf 88' lang='lat'><em>15</em></span> <span class='ocrx_word' id='word_1_108' title='bbox 468 804 630 846; x_wconf 89' lang='lat' dir='ltr'>Arnob.</span> <span class='ocrx_word' id='word_1_109' title='bbox 655 815 669 844; x_wconf 94' lang='grc' dir='ltr'>Ι</span> <span class='ocrx_word' id='word_1_110' title='bbox 694 805 761 844; x_wconf 90' lang='grc'><em>22.</em></span> <span class='ocrx_word' id='word_1_111' title='bbox 793 815 847 844; x_wconf 89' lang='lat'><em>111</em></span> <span class='ocrx_word' id='word_1_112' title='bbox 872 805 936 844; x_wconf 88' lang='lat'>24.</span> 
     </span>
    </p>

    <p class='ocr_par' dir='ltr' id='par_1_6' title="bbox 173 873 1706 931">
     <span class='ocr_line' id='line_1_11' title="bbox 173 873 1706 931; baseline -0.001 -14"><span class='ocrx_word' id='word_1_113' title='bbox 173 891 210 931; x_wconf 90' lang='lat' dir='ltr'>p.</span> <span class='ocrx_word' id='word_1_114' title='bbox 237 877 320 917; x_wconf 80' lang='grc'><em>120</em></span> <span class='ocrx_word' id='word_1_115' title='bbox 343 876 367 916; x_wconf 91' lang='lat' dir='ltr'>l.</span> <span class='ocrx_word' id='word_1_116' title='bbox 393 877 446 917; x_wconf 81' lang='lat'>19</span> <span class='ocrx_word' id='word_1_117' title='bbox 469 886 698 923; x_wconf 77' lang='lat' dir='ltr'>SEQVITVR</span> <span class='ocrx_word' id='word_1_118' title='bbox 721 886 781 914; x_wconf 87' lang='lat' dir='ltr'><em>VT</em></span> <span class='ocrx_word' id='word_1_119' title='bbox 802 889 836 915; x_wconf 79' lang='lat' dir='ltr'>c.</span> <span class='ocrx_word' id='word_1_120' title='bbox 858 876 914 915; x_wconf 87' lang='lat'><em>40</em></span> <span class='ocrx_word' id='word_1_121' title='bbox 936 889 977 930; x_wconf 93' lang='lat' dir='ltr'>p.</span> <span class='ocrx_word' id='word_1_122' title='bbox 1001 876 1083 914; x_wconf 86' lang='lat'><em>118</em></span> <span class='ocrx_word' id='word_1_123' title='bbox 1107 873 1130 915; x_wconf 94' lang='lat' dir='ltr'>l.</span> <span class='ocrx_word' id='word_1_124' title='bbox 1157 876 1208 914; x_wconf 87' lang='lat'>15</span> <span class='ocrx_word' id='word_1_125' title='bbox 1235 874 1292 928; x_wconf 88' lang='lat' dir='ltr'><em>[n.</em></span> <span class='ocrx_word' id='word_1_126' title='bbox 1316 874 1451 928; x_wconf 83' lang='lat' dir='ltr'>A.S.].</span> <span class='ocrx_word' id='word_1_127' title='bbox 1664 884 1706 906; x_wconf 91' lang='lat'><em>10</em></span> 
     </span>
    </p>

    <p class='ocr_par' dir='ltr' id='par_1_7' title="bbox 173 944 824 1000">
     <span class='ocr_line' id='line_1_12' title="bbox 173 944 824 1000; baseline -0.003 -14"><span class='ocrx_word' id='word_1_128' title='bbox 173 957 213 986; x_wconf 71' lang='lat' dir='ltr'><em>sI</em></span> <span class='ocrx_word' id='word_1_129' title='bbox 239 957 383 987; x_wconf 84' lang='lat' dir='ltr'>FORTE</span> <span class='ocrx_word' id='word_1_130' title='bbox 406 961 438 986; x_wconf 82' lang='lat' dir='ltr'>c.</span> <span class='ocrx_word' id='word_1_131' title='bbox 462 947 517 987; x_wconf 83' lang='lat'><em>38</em></span> <span class='ocrx_word' id='word_1_132' title='bbox 539 944 610 986; x_wconf 91' lang='lat' dir='ltr'><em>fin.</em></span> <span class='ocrx_word' id='word_1_133' title='bbox 634 959 668 985; x_wconf 80' lang='grc' dir='ltr'><em>ο.</em></span> <span class='ocrx_word' id='word_1_134' title='bbox 690 945 746 985; x_wconf 79' lang='grc'><em>43</em></span> <span class='ocrx_word' id='word_1_135' title='bbox 763 959 824 1000; x_wconf 86' lang='lat' dir='ltr'><em>pr.</em></span> 
     </span>
    </p>

    <p class='ocr_par' dir='ltr' id='par_1_8' title="bbox 174 1014 1227 1072">
     <span class='ocr_line' id='line_1_13' title="bbox 174 1014 1227 1072; baseline -0.001 -15"><span class='ocrx_word' id='word_1_136' title='bbox 174 1032 213 1072; x_wconf 88' lang='lat' dir='ltr'>p.</span> <span class='ocrx_word' id='word_1_137' title='bbox 238 1018 321 1057; x_wconf 87' lang='lat'><em>120</em></span> <span class='ocrx_word' id='word_1_138' title='bbox 345 1016 369 1057; x_wconf 85' lang='lat' dir='ltr'>l.</span> <span class='ocrx_word' id='word_1_139' title='bbox 394 1017 445 1056; x_wconf 90' lang='grc'><em>21</em></span> <span class='ocrx_word' id='word_1_140' title='bbox 471 1016 520 1056; x_wconf 81' lang='lat' dir='ltr'><em>ef.</em></span> <span class='ocrx_word' id='word_1_141' title='bbox 545 1015 705 1056; x_wconf 84' lang='lat' dir='ltr'>Arnob.</span> <span class='ocrx_word' id='word_1_142' title='bbox 730 1026 764 1055; x_wconf 89' lang='grc' dir='ltr'><em>ΙΙ</em></span> <span class='ocrx_word' id='word_1_143' title='bbox 789 1015 855 1056; x_wconf 86' lang='grc'><em>76.</em></span> <span class='ocrx_word' id='word_1_144' title='bbox 920 1014 1045 1069; x_wconf 81' lang='lat' dir='ltr'><em>Kaye</em></span> <span class='ocrx_word' id='word_1_145' title='bbox 1070 1016 1152 1055; x_wconf 83' lang='lat'><em>133</em></span> <span class='ocrx_word' id='word_1_146' title='bbox 1168 1029 1227 1069; x_wconf 82' lang='lat' dir='ltr'><em>sq.</em></span> 
     </span>
    </p>

    <p class='ocr_par' dir='ltr' id='par_1_9' title="bbox 82 1083 1709 2050">
     <span class='ocr_line' id='line_1_14' title="bbox 173 1083 1643 1141; baseline -0.001 -14"><span class='ocrx_word' id='word_1_147' title='bbox 173 1101 212 1141; x_wconf 89' lang='lat' dir='ltr'>p.</span> <span class='ocrx_word' id='word_1_148' title='bbox 245 1087 327 1127; x_wconf 88' lang='lat'>120</span> <span class='ocrx_word' id='word_1_149' title='bbox 360 1085 383 1127; x_wconf 85' lang='lat' dir='ltr'>l.</span> <span class='ocrx_word' id='word_1_150' title='bbox 416 1087 470 1126; x_wconf 89' lang='grc'><em>22</em></span> <span class='ocrx_word' id='word_1_151' title='bbox 500 1095 748 1126; x_wconf 84' lang='lat' dir='ltr'><strong>EXCEDERE</strong></span> <span class='ocrx_word' id='word_1_152' title='bbox 782 1084 848 1125; x_wconf 81' lang='lat' dir='ltr'><em>De</em></span> <span class='ocrx_word' id='word_1_153' title='bbox 884 1083 1079 1139; x_wconf 72' lang='lat' dir='ltr'><em>spectac.</em></span> <span class='ocrx_word' id='word_1_154' title='bbox 1111 1085 1165 1124; x_wconf 84' lang='lat'><em>28</em></span> <span class='ocrx_word' id='word_1_155' title='bbox 1197 1083 1270 1125; x_wconf 82' lang='lat' dir='ltr'><em>fin.</em></span> <span class='ocrx_word' id='word_1_156' title='bbox 1306 1100 1387 1126; x_wconf 88' lang='lat' dir='ltr'><em>non</em></span> <span class='ocrx_word' id='word_1_157' title='bbox 1417 1100 1643 1140; x_wconf 70' lang='lat' dir='ltr'><em>possumus</em></span> 
     </span>
     <span class='ocr_line' id='line_1_15' title="bbox 84 1154 1639 1211; baseline 0 -14"><span class='ocrx_word' id='word_1_158' title='bbox 84 1157 230 1198; x_wconf 71' lang='lat' dir='ltr'><em>uiuere</em></span> <span class='ocrx_word' id='word_1_159' title='bbox 261 1157 352 1197; x_wconf 78' lang='lat' dir='ltr'><em>sine</em></span> <span class='ocrx_word' id='word_1_160' title='bbox 388 1156 615 1211; x_wconf 76' lang='lat' dir='ltr'><em>uoluptate,</em></span> <span class='ocrx_word' id='word_1_161' title='bbox 648 1156 722 1210; x_wconf 79' lang='lat' dir='ltr'><em>qui</em></span> <span class='ocrx_word' id='word_1_162' title='bbox 758 1155 869 1196; x_wconf 78' lang='lat' dir='ltr'><em>mori</em></span> <span class='ocrx_word' id='word_1_163' title='bbox 902 1170 997 1196; x_wconf 76' lang='lat' dir='ltr'><em>eam</em></span> <span class='ocrx_word' id='word_1_164' title='bbox 1027 1155 1245 1209; x_wconf 71' lang='lat' dir='ltr'><em>uoluptate</em></span> <span class='ocrx_word' id='word_1_165' title='bbox 1277 1154 1482 1197; x_wconf 77' lang='lat' dir='ltr'><em>debemus.</em></span> <span class='ocrx_word' id='word_1_166' title='bbox 1542 1171 1639 1197; x_wconf 82' lang='lat' dir='ltr'><em>nam</em></span> 
     </span>
     <span class='ocr_line' id='line_1_16' title="bbox 84 1224 1708 1282; baseline -0.002 -14"><span class='ocrx_word' id='word_1_167' title='bbox 84 1227 194 1282; x_wconf 76' lang='lat' dir='ltr'><em>qaod</em></span> <span class='ocrx_word' id='word_1_168' title='bbox 227 1233 284 1268; x_wconf 80' lang='lat' dir='ltr'><em>est</em></span> <span class='ocrx_word' id='word_1_169' title='bbox 316 1226 438 1267; x_wconf 77' lang='lat' dir='ltr'><em>alind</em></span> <span class='ocrx_word' id='word_1_170' title='bbox 465 1232 608 1267; x_wconf 80' lang='lat' dir='ltr'><em>uotum</em></span> <span class='ocrx_word' id='word_1_171' title='bbox 637 1231 836 1273; x_wconf 78' lang='lat' dir='ltr'><em>nostrum,</em></span> <span class='ocrx_word' id='word_1_172' title='bbox 865 1240 992 1279; x_wconf 77' lang='lat' dir='ltr'><em>qaam</em></span> <span class='ocrx_word' id='word_1_173' title='bbox 1021 1224 1131 1279; x_wconf 75' lang='lat' dir='ltr'><em>qaod</em></span> <span class='ocrx_word' id='word_1_174' title='bbox 1157 1230 1195 1266; x_wconf 90' lang='lat' dir='ltr'><em>et</em></span> <span class='ocrx_word' id='word_1_175' title='bbox 1226 1225 1419 1280; x_wconf 81' lang='lat' dir='ltr'><em>apostoli,</em></span> <span class='ocrx_word' id='word_1_176' title='bbox 1449 1226 1562 1267; x_wconf 70' lang='lat' dir='ltr'><em>exire</em></span> <span class='ocrx_word' id='word_1_177' title='bbox 1594 1226 1644 1268; x_wconf 85' lang='lat' dir='ltr'><em>de</em></span> <span class='ocrx_word' id='word_1_178' title='bbox 1666 1241 1708 1272; x_wconf 89' lang='lat'><em>15</em></span> 
     </span>
     <span class='ocr_line' id='line_1_17' title="bbox 82 1294 1642 1350; baseline -0.001 -12"><span class='ocrx_word' id='word_1_179' title='bbox 82 1296 249 1338; x_wconf 71' lang='lat' dir='ltr'><em>saeculo</em></span> <span class='ocrx_word' id='word_1_180' title='bbox 282 1303 319 1337; x_wconf 87' lang='lat' dir='ltr'><em>et</em></span> <span class='ocrx_word' id='word_1_181' title='bbox 350 1296 484 1350; x_wconf 73' lang='lat' dir='ltr'><em>recipi</em></span> <span class='ocrx_word' id='word_1_182' title='bbox 515 1295 633 1350; x_wconf 71' lang='lat' dir='ltr'><em>apud</em></span> <span class='ocrx_word' id='word_1_183' title='bbox 665 1294 917 1336; x_wconf 78' lang='lat' dir='ltr'><em>dominam?</em></span> <span class='ocrx_word' id='word_1_184' title='bbox 979 1294 1045 1336; x_wconf 80' lang='lat' dir='ltr'><em>hie</em></span> <span class='ocrx_word' id='word_1_185' title='bbox 1077 1294 1286 1349; x_wconf 68' lang='lat' dir='ltr'><em>uoluptas,</em></span> <span class='ocrx_word' id='word_1_186' title='bbox 1320 1294 1389 1335; x_wconf 77' lang='lat' dir='ltr'><em>ubi</em></span> <span class='ocrx_word' id='word_1_187' title='bbox 1419 1301 1456 1336; x_wconf 90' lang='lat' dir='ltr'><em>et</em></span> <span class='ocrx_word' id='word_1_188' title='bbox 1489 1301 1642 1338; x_wconf 75' lang='lat' dir='ltr'><em>notam.</em></span> 
     </span>
     <span class='ocr_line' id='line_1_18' title="bbox 85 1364 1643 1421; baseline 0 -14"><span class='ocrx_word' id='word_1_189' title='bbox 85 1365 152 1407; x_wconf 78' lang='lat' dir='ltr'><em>De</em></span> <span class='ocrx_word' id='word_1_190' title='bbox 177 1366 295 1408; x_wconf 71' lang='lat' dir='ltr'><em>Orat.</em></span> <span class='ocrx_word' id='word_1_191' title='bbox 320 1369 343 1407; x_wconf 89' lang='lat'>5</span> <span class='ocrx_word' id='word_1_192' title='bbox 367 1381 405 1421; x_wconf 91' lang='lat' dir='ltr'>p.</span> <span class='ocrx_word' id='word_1_193' title='bbox 431 1368 513 1407; x_wconf 84' lang='lat'>184</span> <span class='ocrx_word' id='word_1_194' title='bbox 536 1366 560 1407; x_wconf 88' lang='lat' dir='ltr'>l.</span> <span class='ocrx_word' id='word_1_195' title='bbox 585 1369 608 1407; x_wconf 90' lang='lat'>5</span> <span class='ocrx_word' id='word_1_196' title='bbox 634 1365 758 1406; x_wconf 80' lang='lat' dir='ltr'>Wiss.</span> <span class='ocrx_word' id='word_1_197' title='bbox 780 1366 820 1406; x_wconf 88' lang='lat' dir='ltr'><em>si</em></span> <span class='ocrx_word' id='word_1_198' title='bbox 841 1365 898 1406; x_wconf 91' lang='lat' dir='ltr'><em>ad</em></span> <span class='ocrx_word' id='word_1_199' title='bbox 928 1364 997 1406; x_wconf 87' lang='lat' dir='ltr'><em>dei</em></span> <span class='ocrx_word' id='word_1_200' title='bbox 1017 1365 1280 1406; x_wconf 78' lang='lat' dir='ltr'><em>uoluntatem</em></span> <span class='ocrx_word' id='word_1_201' title='bbox 1309 1371 1346 1406; x_wconf 90' lang='lat' dir='ltr'><em>et</em></span> <span class='ocrx_word' id='word_1_202' title='bbox 1375 1365 1433 1406; x_wconf 88' lang='lat' dir='ltr'><em>ad</em></span> <span class='ocrx_word' id='word_1_203' title='bbox 1453 1372 1643 1407; x_wconf 77' lang='lat' dir='ltr'><em>nostram</em></span> 
     </span>
     <span class='ocr_line' id='line_1_19' title="bbox 82 1435 1643 1491; baseline 0.001 -15"><span class='ocrx_word' id='word_1_204' title='bbox 82 1437 397 1491; x_wconf 68' lang='lat' dir='ltr'><em>suspensionem</em></span> <span class='ocrx_word' id='word_1_205' title='bbox 434 1437 618 1491; x_wconf 75' lang='lat' dir='ltr'><em>pertinet</em></span> <span class='ocrx_word' id='word_1_206' title='bbox 658 1436 780 1490; x_wconf 67' lang='lat' dir='ltr'><em>reyni</em></span> <span class='ocrx_word' id='word_1_207' title='bbox 816 1435 1022 1477; x_wconf 81' lang='lat' dir='ltr'><em>dominici</em></span> <span class='ocrx_word' id='word_1_208' title='bbox 1062 1435 1406 1490; x_wconf 70' lang='lat' dir='ltr'><em>repraesentatio,</em></span> <span class='ocrx_word' id='word_1_209' title='bbox 1439 1436 1643 1491; x_wconf 72' lang='lat' dir='ltr'><em>quomodo</em></span> 
     </span>
     <span class='ocr_line' id='line_1_20' title="bbox 83 1505 1645 1561; baseline 0.001 -15"><span class='ocrx_word' id='word_1_210' title='bbox 83 1507 266 1561; x_wconf 77' lang='lat' dir='ltr'><em>qnidam</em></span> <span class='ocrx_word' id='word_1_211' title='bbox 291 1512 559 1561; x_wconf 69' lang='lat' dir='ltr'><em>pertractum</em></span> <span class='ocrx_word' id='word_1_212' title='bbox 587 1506 797 1561; x_wconf 75' lang='lat' dir='ltr'><em>quendam</em></span> <span class='ocrx_word' id='word_1_213' title='bbox 826 1505 873 1546; x_wconf 90' lang='lat' dir='ltr'><em>in</em></span> <span class='ocrx_word' id='word_1_214' title='bbox 900 1506 1066 1546; x_wconf 72' lang='lat' dir='ltr'><em>saeculo</em></span> <span class='ocrx_word' id='word_1_215' title='bbox 1090 1505 1323 1560; x_wconf 73' lang='lat' dir='ltr'><em>postulant,</em></span> <span class='ocrx_word' id='word_1_216' title='bbox 1345 1521 1438 1547; x_wconf 77' lang='lat' dir='ltr'><em>eam</em></span> <span class='ocrx_word' id='word_1_217' title='bbox 1467 1522 1645 1561; x_wconf 68' lang='lat' dir='ltr'><em>reynum</em></span> 
     </span>
     <span class='ocr_line' id='line_1_21' title="bbox 86 1574 1709 1631; baseline -0.002 -14"><span class='ocrx_word' id='word_1_218' title='bbox 86 1576 166 1623; x_wconf 87' lang='lat' dir='ltr'><em>dei,</em></span> <span class='ocrx_word' id='word_1_219' title='bbox 208 1576 318 1631; x_wconf 79' lang='lat' dir='ltr'><em>qnod</em></span> <span class='ocrx_word' id='word_1_220' title='bbox 366 1581 412 1617; x_wconf 74' lang='lat' dir='ltr'><em>ut</em></span> <span class='ocrx_word' id='word_1_221' title='bbox 460 1575 665 1617; x_wconf 82' lang='lat' dir='ltr'><em>adueniat</em></span> <span class='ocrx_word' id='word_1_222' title='bbox 713 1590 898 1624; x_wconf 77' lang='lat' dir='ltr'><em>oramus,</em></span> <span class='ocrx_word' id='word_1_223' title='bbox 941 1574 999 1615; x_wconf 87' lang='lat' dir='ltr'><em>ad</em></span> <span class='ocrx_word' id='word_1_224' title='bbox 1043 1576 1444 1617; x_wconf 68' lang='lat' dir='ltr'><em>consummationem</em></span> <span class='ocrx_word' id='word_1_225' title='bbox 1484 1576 1645 1617; x_wconf 71' lang='lat' dir='ltr'><em>saeculi</em></span> <span class='ocrx_word' id='word_1_226' title='bbox 1663 1593 1709 1615; x_wconf 89' lang='lat'><em>20</em></span> 
     </span>
     <span class='ocr_line' id='line_1_22' title="bbox 87 1644 1645 1700; baseline 0.001 -14"><span class='ocrx_word' id='word_1_227' title='bbox 87 1645 261 1687; x_wconf 77' lang='lat' dir='ltr'><em>tendat?</em></span> <span class='ocrx_word' id='word_1_228' title='bbox 338 1651 532 1700; x_wconf 70' lang='lat' dir='ltr'><em>optamus</em></span> <span class='ocrx_word' id='word_1_229' title='bbox 573 1645 789 1686; x_wconf 75' lang='lat' dir='ltr'><em>maturius</em></span> <span class='ocrx_word' id='word_1_230' title='bbox 829 1658 1010 1698; x_wconf 66' lang='lat' dir='ltr'><em>reynare</em></span> <span class='ocrx_word' id='word_1_231' title='bbox 1058 1650 1095 1685; x_wconf 85' lang='lat' dir='ltr'><em>et</em></span> <span class='ocrx_word' id='word_1_232' title='bbox 1142 1659 1223 1685; x_wconf 84' lang='lat' dir='ltr'><em>non</em></span> <span class='ocrx_word' id='word_1_233' title='bbox 1266 1644 1430 1686; x_wconf 71' lang='lat' dir='ltr'><em>diutins</em></span> <span class='ocrx_word' id='word_1_234' title='bbox 1470 1646 1645 1687; x_wconf 73' lang='lat' dir='ltr'><em>seruire.</em></span> 
     </span>
     <span class='ocr_line' id='line_1_23' title="bbox 85 1714 1644 1769; baseline 0 -13"><span class='ocrx_word' id='word_1_235' title='bbox 85 1715 154 1756; x_wconf 80' lang='lat' dir='ltr'><em>De</em></span> <span class='ocrx_word' id='word_1_236' title='bbox 181 1715 368 1757; x_wconf 71' lang='lat' dir='ltr'><em>Patienb.</em></span> <span class='ocrx_word' id='word_1_237' title='bbox 393 1717 417 1757; x_wconf 91' lang='lat'>9</span> <span class='ocrx_word' id='word_1_238' title='bbox 440 1715 510 1756; x_wconf 90' lang='lat' dir='ltr'>fin.</span> <span class='ocrx_word' id='word_1_239' title='bbox 544 1716 678 1769; x_wconf 79' lang='lat' dir='ltr'><em>capio,</em></span> <span class='ocrx_word' id='word_1_240' title='bbox 699 1714 838 1769; x_wconf 79' lang='lat' dir='ltr'><em>inquit</em></span> <span class='ocrx_word' id='word_1_241' title='bbox 866 1714 1095 1768; x_wconf 73' lang='lat' dir='ltr'><em>apostolus,</em></span> <span class='ocrx_word' id='word_1_242' title='bbox 1117 1714 1253 1769; x_wconf 73' lang='lat' dir='ltr'><em>recipi</em></span> <span class='ocrx_word' id='word_1_243' title='bbox 1273 1715 1364 1755; x_wconf 86' lang='lat' dir='ltr'><em>iam</em></span> <span class='ocrx_word' id='word_1_244' title='bbox 1386 1721 1423 1756; x_wconf 89' lang='lat' dir='ltr'><em>et</em></span> <span class='ocrx_word' id='word_1_245' title='bbox 1445 1729 1529 1756; x_wconf 88' lang='lat' dir='ltr'><em>esse</em></span> <span class='ocrx_word' id='word_1_246' title='bbox 1551 1731 1644 1757; x_wconf 77' lang='lat' dir='ltr'><em>enm</em></span> 
     </span>
     <span class='ocr_line' id='line_1_24' title="bbox 88 1783 1645 1839; baseline 0.001 -13"><span class='ocrx_word' id='word_1_247' title='bbox 88 1785 257 1827; x_wconf 81' lang='lat' dir='ltr'><em>domino</em></span> <span class='ocrx_word' id='word_1_248' title='bbox 289 1785 345 1839; x_wconf 93' lang='lat'><em>[=</em></span> <span class='ocrx_word' id='word_1_249' title='bbox 362 1784 470 1825; x_wconf 76' lang='lat' dir='ltr'>Phil.</span> <span class='ocrx_word' id='word_1_250' title='bbox 496 1787 530 1825; x_wconf 93' lang='lat'><em>1.</em></span> <span class='ocrx_word' id='word_1_251' title='bbox 559 1787 622 1826; x_wconf 83' lang='lat'>23.</span> <span class='ocrx_word' id='word_1_252' title='bbox 685 1784 736 1826; x_wconf 90' lang='lat' dir='ltr'>A.</span> <span class='ocrx_word' id='word_1_253' title='bbox 761 1783 836 1838; x_wconf 83' lang='lat' dir='ltr'>S.].</span> <span class='ocrx_word' id='word_1_254' title='bbox 899 1789 1054 1839; x_wconf 76' lang='lat' dir='ltr'><em>quanto</em></span> <span class='ocrx_word' id='word_1_255' title='bbox 1084 1783 1234 1825; x_wconf 75' lang='lat' dir='ltr'><em>melias</em></span> <span class='ocrx_word' id='word_1_256' title='bbox 1263 1784 1440 1825; x_wconf 77' lang='lat' dir='ltr'><em>ostendit</em></span> <span class='ocrx_word' id='word_1_257' title='bbox 1468 1787 1645 1827; x_wconf 74' lang='lat' dir='ltr'><em>uotum?</em></span> 
     </span>
     <span class='ocr_line' id='line_1_25' title="bbox 90 1853 1646 1909; baseline 0.001 -14"><span class='ocrx_word' id='word_1_258' title='bbox 90 1854 433 1895; x_wconf 68' lang='lat' dir='ltr'><em>Christianorum</em></span> <span class='ocrx_word' id='word_1_259' title='bbox 482 1869 578 1909; x_wconf 62' lang='lat' dir='ltr'><em>erqo</em></span> <span class='ocrx_word' id='word_1_260' title='bbox 634 1860 791 1903; x_wconf 78' lang='lat' dir='ltr'><em>uotum,</em></span> <span class='ocrx_word' id='word_1_261' title='bbox 840 1853 879 1894; x_wconf 90' lang='lat' dir='ltr'><em>si</em></span> <span class='ocrx_word' id='word_1_262' title='bbox 932 1853 1042 1894; x_wconf 79' lang='lat' dir='ltr'><em>alios</em></span> <span class='ocrx_word' id='word_1_263' title='bbox 1090 1859 1324 1895; x_wconf 81' lang='lat' dir='ltr'><em>consecutos</em></span> <span class='ocrx_word' id='word_1_264' title='bbox 1374 1855 1646 1908; x_wconf 62' lang='lat' dir='ltr'><em>impatienter</em></span> 
     </span>
     <span class='ocr_line' id='line_1_26' title="bbox 88 1923 1707 1980; baseline -0.001 -14"><span class='ocrx_word' id='word_1_265' title='bbox 88 1924 286 1974; x_wconf 78' lang='lat' dir='ltr'><em>dolemus,</em></span> <span class='ocrx_word' id='word_1_266' title='bbox 319 1925 406 1980; x_wconf 81' lang='lat' dir='ltr'><em>ipsi</em></span> <span class='ocrx_word' id='word_1_267' title='bbox 442 1924 636 1979; x_wconf 77' lang='lat' dir='ltr'><em>consequi</em></span> <span class='ocrx_word' id='word_1_268' title='bbox 675 1924 880 1965; x_wconf 69' lang='lat' dir='ltr'><em>nolumus.</em></span> <span class='ocrx_word' id='word_1_269' title='bbox 957 1923 1024 1964; x_wconf 80' lang='lat' dir='ltr'><em>De</em></span> <span class='ocrx_word' id='word_1_270' title='bbox 1062 1923 1212 1964; x_wconf 85' lang='lat' dir='ltr'>Idolol.</span> <span class='ocrx_word' id='word_1_271' title='bbox 1252 1926 1305 1964; x_wconf 88' lang='lat'>12</span> <span class='ocrx_word' id='word_1_272' title='bbox 1347 1939 1386 1979; x_wconf 91' lang='grc' dir='ltr'><em>Ρ.</em></span> <span class='ocrx_word' id='word_1_273' title='bbox 1426 1926 1479 1966; x_wconf 85' lang='grc'><em>43</em></span> <span class='ocrx_word' id='word_1_274' title='bbox 1522 1925 1545 1967; x_wconf 91' lang='lat' dir='ltr'>l.</span> <span class='ocrx_word' id='word_1_275' title='bbox 1591 1927 1643 1967; x_wconf 88' lang='lat'><em>25</em></span> <span class='ocrx_word' id='word_1_276' title='bbox 1664 1934 1707 1964; x_wconf 87' lang='lat'><em>25</em></span> 
     </span>
     <span class='ocr_line' id='line_1_27' title="bbox 90 1993 768 2050; baseline 0.001 -16"><span class='ocrx_word' id='word_1_277' title='bbox 90 1993 214 2035; x_wconf 81' lang='lat' dir='ltr'><em>Wiss.</em></span> <span class='ocrx_word' id='word_1_278' title='bbox 250 1996 305 2034; x_wconf 82' lang='grc'>24</span> <span class='ocrx_word' id='word_1_279' title='bbox 336 2009 374 2050; x_wconf 90' lang='lat' dir='ltr'>p.</span> <span class='ocrx_word' id='word_1_280' title='bbox 409 1993 461 2036; x_wconf 87' lang='lat'>57</span> <span class='ocrx_word' id='word_1_281' title='bbox 496 1994 606 2044; x_wconf 73' lang='lat'><em>121</em></span> <span class='ocrx_word' id='word_1_282' title='bbox 643 1993 768 2035; x_wconf 83' lang='lat' dir='ltr'><em>Wiss.</em></span> 
     </span>
    </p>

    <p class='ocr_par' dir='ltr' id='par_1_10' title="bbox 90 2063 1642 2188">
     <span class='ocr_line' id='line_1_28' title="bbox 179 2063 1642 2119; baseline 0.001 -15"><span class='ocrx_word' id='word_1_283' title='bbox 179 2075 357 2105; x_wconf 83' lang='lat' dir='ltr'>DEHINC</span> <span class='ocrx_word' id='word_1_284' title='bbox 390 2079 435 2105; x_wconf 81' lang='lat' dir='ltr'><em>so</em></span> <span class='ocrx_word' id='word_1_285' title='bbox 464 2079 495 2105; x_wconf 83' lang='lat' dir='ltr'><em>e.</em></span> <span class='ocrx_word' id='word_1_286' title='bbox 526 2066 581 2104; x_wconf 87' lang='lat'><em>40</em></span> <span class='ocrx_word' id='word_1_287' title='bbox 610 2078 650 2119; x_wconf 91' lang='lat' dir='ltr'>p.</span> <span class='ocrx_word' id='word_1_288' title='bbox 682 2066 765 2104; x_wconf 91' lang='grc'><em>118</em></span> <span class='ocrx_word' id='word_1_289' title='bbox 798 2064 822 2105; x_wconf 91' lang='lat' dir='ltr'>l.</span> <span class='ocrx_word' id='word_1_290' title='bbox 853 2065 906 2104; x_wconf 81' lang='lat'>13</span> <span class='ocrx_word' id='word_1_291' title='bbox 936 2063 1302 2118; x_wconf 74' lang='lat' dir='ltr'><em>primo...dehino.</em></span> <span class='ocrx_word' id='word_1_292' title='bbox 1378 2063 1436 2105; x_wconf 83' lang='lat' dir='ltr'><em>So</em></span> <span class='ocrx_word' id='word_1_293' title='bbox 1465 2064 1510 2105; x_wconf 82' lang='lat' dir='ltr'><em>in</em></span> <span class='ocrx_word' id='word_1_294' title='bbox 1541 2064 1642 2106; x_wconf 77' lang='lat' dir='ltr'>Sall.</span> 
     </span>
     <span class='ocr_line' id='line_1_29' title="bbox 90 2132 486 2188; baseline 0.003 -15"><span class='ocrx_word' id='word_1_295' title='bbox 90 2133 217 2188; x_wconf 79' lang='lat' dir='ltr'>Verg.</span> <span class='ocrx_word' id='word_1_296' title='bbox 242 2132 339 2174; x_wconf 81' lang='lat' dir='ltr'>Sen.</span> <span class='ocrx_word' id='word_1_297' title='bbox 364 2132 486 2174; x_wconf 71' lang='lat' dir='ltr'><em>Suet.</em></span> 
     </span>
    </p>

    <p class='ocr_par' dir='ltr' id='par_1_11' title="bbox 91 2203 1709 2610">
     <span class='ocr_line' id='line_1_30' title="bbox 180 2203 1644 2259; baseline 0.002 -16"><span class='ocrx_word' id='word_1_298' title='bbox 180 2218 218 2259; x_wconf 89' lang='lat' dir='ltr'><em>p.</em></span> <span class='ocrx_word' id='word_1_299' title='bbox 244 2205 327 2244; x_wconf 88' lang='lat'><em>120</em></span> <span class='ocrx_word' id='word_1_300' title='bbox 350 2203 373 2244; x_wconf 93' lang='lat' dir='ltr'>l.</span> <span class='ocrx_word' id='word_1_301' title='bbox 398 2205 453 2244; x_wconf 91' lang='grc'>24</span> <span class='ocrx_word' id='word_1_302' title='bbox 482 2214 734 2244; x_wconf 82' lang='lat' dir='ltr'><strong>LAETAMVR</strong></span> <span class='ocrx_word' id='word_1_303' title='bbox 755 2209 835 2244; x_wconf 70' lang='lat' dir='ltr'><em>cet.</em></span> <span class='ocrx_word' id='word_1_304' title='bbox 868 2218 982 2259; x_wconf 82' lang='lat' dir='ltr'>supr.</span> <span class='ocrx_word' id='word_1_305' title='bbox 1004 2218 1036 2244; x_wconf 84' lang='lat' dir='ltr'>c.</span> <span class='ocrx_word' id='word_1_306' title='bbox 1060 2204 1112 2244; x_wconf 90' lang='grc'><em>31</em></span> <span class='ocrx_word' id='word_1_307' title='bbox 1147 2203 1217 2245; x_wconf 90' lang='lat' dir='ltr'>fin.</span> <span class='ocrx_word' id='word_1_308' title='bbox 1241 2219 1335 2245; x_wconf 79' lang='lat' dir='ltr'><em>cum</em></span> <span class='ocrx_word' id='word_1_309' title='bbox 1363 2205 1473 2245; x_wconf 87' lang='lat' dir='ltr'><em>enim</em></span> <span class='ocrx_word' id='word_1_310' title='bbox 1499 2219 1644 2246; x_wconf 75' lang='lat' dir='ltr'><em>conen-</em></span> 
     </span>
     <span class='ocr_line' id='line_1_31' title="bbox 91 2273 1709 2329; baseline 0 -14"><span class='ocrx_word' id='word_1_311' title='bbox 91 2274 198 2315; x_wconf 74' lang='lat' dir='ltr'><em>titar</em></span> <span class='ocrx_word' id='word_1_312' title='bbox 221 2274 667 2329; x_wconf 76' lang='lat' dir='ltr'><em>imperiam‚...utiqae</em></span> <span class='ocrx_word' id='word_1_313' title='bbox 692 2279 730 2315; x_wconf 90' lang='lat' dir='ltr'><em>et</em></span> <span class='ocrx_word' id='word_1_314' title='bbox 758 2275 938 2315; x_wconf 85' lang='lat' dir='ltr'><em>nos...in</em></span> <span class='ocrx_word' id='word_1_315' title='bbox 965 2274 1110 2328; x_wconf 79' lang='lat' dir='ltr'><em>aliquo</em></span> <span class='ocrx_word' id='word_1_316' title='bbox 1134 2273 1220 2315; x_wconf 80' lang='lat' dir='ltr'><em>loco</em></span> <span class='ocrx_word' id='word_1_317' title='bbox 1247 2288 1367 2315; x_wconf 77' lang='lat' dir='ltr'><em>casas</em></span> <span class='ocrx_word' id='word_1_318' title='bbox 1388 2275 1644 2317; x_wconf 77' lang='lat' dir='ltr'><em>inaenimur.</em></span> <span class='ocrx_word' id='word_1_319' title='bbox 1664 2293 1709 2324; x_wconf 87' lang='lat'><em>30</em></span> 
     </span>
     <span class='ocr_line' id='line_1_32' title="bbox 91 2344 1646 2399; baseline 0.001 -14"><span class='ocrx_word' id='word_1_320' title='bbox 91 2359 123 2385; x_wconf 86' lang='lat' dir='ltr'>c.</span> <span class='ocrx_word' id='word_1_321' title='bbox 149 2346 202 2385; x_wconf 89' lang='lat'><em>20</em></span> <span class='ocrx_word' id='word_1_322' title='bbox 235 2344 434 2398; x_wconf 72' lang='lat' dir='ltr'><em>quiequid</em></span> <span class='ocrx_word' id='word_1_323' title='bbox 466 2345 621 2399; x_wconf 59' lang='lat' dir='ltr'><em>agitur,</em></span> <span class='ocrx_word' id='word_1_324' title='bbox 642 2344 1036 2399; x_wconf 73' lang='lat' dir='ltr'><em>praenuntiabatur</em></span> <span class='ocrx_word' id='word_1_325' title='bbox 1066 2349 1148 2385; x_wconf 71' lang='lat' dir='ltr'><em>cet.</em></span> <span class='ocrx_word' id='word_1_326' title='bbox 1209 2344 1301 2385; x_wconf 76' lang='lat' dir='ltr'><em>The</em></span> <span class='ocrx_word' id='word_1_327' title='bbox 1333 2359 1449 2385; x_wconf 80' lang='lat' dir='ltr'><em>same</em></span> <span class='ocrx_word' id='word_1_328' title='bbox 1480 2360 1646 2386; x_wconf 80' lang='lat' dir='ltr'><em>answer</em></span> 
     </span>
     <span class='ocr_line' id='line_1_33' title="bbox 92 2413 1644 2471; baseline 0.003 -17"><span class='ocrx_word' id='word_1_329' title='bbox 92 2414 346 2467; x_wconf 75' lang='lat' dir='ltr'><em>(fulfilment</em></span> <span class='ocrx_word' id='word_1_330' title='bbox 368 2414 415 2454; x_wconf 88' lang='lat' dir='ltr'><em>of</em></span> <span class='ocrx_word' id='word_1_331' title='bbox 439 2414 676 2470; x_wconf 78' lang='lat' dir='ltr'>propheoy)</span> <span class='ocrx_word' id='word_1_332' title='bbox 697 2414 744 2455; x_wconf 79' lang='lat' dir='ltr'><em>in</em></span> <span class='ocrx_word' id='word_1_333' title='bbox 766 2414 901 2456; x_wconf 82' lang='lat' dir='ltr'>Clem.</span> <span class='ocrx_word' id='word_1_334' title='bbox 924 2414 1046 2456; x_wconf 81' lang='lat' dir='ltr'>Alex.</span> <span class='ocrx_word' id='word_1_335' title='bbox 1071 2413 1229 2456; x_wconf 71' lang='lat' dir='ltr'><em>Strom.</em></span> <span class='ocrx_word' id='word_1_336' title='bbox 1253 2426 1302 2454; x_wconf 88' lang='lat' dir='ltr'><em>IV</em></span> <span class='ocrx_word' id='word_1_337' title='bbox 1326 2417 1377 2455; x_wconf 96' lang='lat'><em>11</em></span> <span class='ocrx_word' id='word_1_338' title='bbox 1401 2413 1440 2471; x_wconf 63' lang='lat' dir='ltr'><em>§g</em></span> <span class='ocrx_word' id='word_1_339' title='bbox 1461 2418 1644 2458; x_wconf 81' lang='lat'>80—82.</span> 
     </span>
     <span class='ocr_line' id='line_1_34' title="bbox 93 2483 1647 2540; baseline 0.002 -16"><span class='ocrx_word' id='word_1_340' title='bbox 93 2483 334 2525; x_wconf 83' lang='lat' dir='ltr'><em>Woodham</em></span> <span class='ocrx_word' id='word_1_341' title='bbox 367 2483 474 2525; x_wconf 70' lang='lat' dir='ltr'><em>cites</em></span> <span class='ocrx_word' id='word_1_342' title='bbox 504 2483 631 2540; x_wconf 85' lang='lat' dir='ltr'>Cypr.</span> <span class='ocrx_word' id='word_1_343' title='bbox 662 2484 729 2526; x_wconf 79' lang='lat' dir='ltr'><em>De</em></span> <span class='ocrx_word' id='word_1_344' title='bbox 761 2485 931 2526; x_wconf 73' lang='lat' dir='ltr'><em>Mortal.</em></span> <span class='ocrx_word' id='word_1_345' title='bbox 962 2487 985 2524; x_wconf 88' lang='lat'>2</span> <span class='ocrx_word' id='word_1_346' title='bbox 1007 2485 1125 2540; x_wconf 77' lang='lat' dir='ltr'><em>finnt</em></span> <span class='ocrx_word' id='word_1_347' title='bbox 1156 2499 1242 2526; x_wconf 83' lang='lat' dir='ltr'><em>ecoe</em></span> <span class='ocrx_word' id='word_1_348' title='bbox 1272 2499 1377 2539; x_wconf 74' lang='lat' dir='ltr'><em>quae</em></span> <span class='ocrx_word' id='word_1_349' title='bbox 1408 2485 1524 2527; x_wconf 81' lang='lat' dir='ltr'><em>dieta</em></span> <span class='ocrx_word' id='word_1_350' title='bbox 1550 2492 1647 2527; x_wconf 83' lang='lat' dir='ltr'><em>sunt</em></span> 
     </span>
     <span class='ocr_line' id='line_1_35' title="bbox 92 2553 1645 2610; baseline 0 -15"><span class='ocrx_word' id='word_1_351' title='bbox 92 2559 130 2595; x_wconf 90' lang='lat' dir='ltr'><em>et</em></span> <span class='ocrx_word' id='word_1_352' title='bbox 166 2553 334 2609; x_wconf 78' lang='lat' dir='ltr'><em>qnando</em></span> <span class='ocrx_word' id='word_1_353' title='bbox 367 2553 483 2608; x_wconf 79' lang='lat' dir='ltr'><em>fiant</em></span> <span class='ocrx_word' id='word_1_354' title='bbox 517 2568 626 2609; x_wconf 77' lang='lat' dir='ltr'><em>qaae</em></span> <span class='ocrx_word' id='word_1_355' title='bbox 661 2559 759 2595; x_wconf 86' lang='lat' dir='ltr'><em>ante</em></span> <span class='ocrx_word' id='word_1_356' title='bbox 794 2555 1022 2610; x_wconf 80' lang='lat' dir='ltr'><em>praedicta</em></span> <span class='ocrx_word' id='word_1_357' title='bbox 1057 2560 1155 2595; x_wconf 81' lang='lat' dir='ltr'><em>sunt</em></span> <span class='ocrx_word' id='word_1_358' title='bbox 1189 2561 1413 2609; x_wconf 74' lang='lat' dir='ltr'><em>sequentur</em></span> <span class='ocrx_word' id='word_1_359' title='bbox 1448 2560 1485 2596; x_wconf 89' lang='lat' dir='ltr'><em>et</em></span> <span class='ocrx_word' id='word_1_360' title='bbox 1521 2569 1645 2609; x_wconf 77' lang='lat' dir='ltr'><em>qnae-</em></span> 
     </span>
    </p>
   </div>
   <div class='ocr_carea' id='block_1_3' title="bbox 92 2623 1708 2734">
    <p class='ocr_par' dir='ltr' id='par_1_12' title="bbox 92 2623 1708 2734">
     <span class='ocr_line' id='line_1_36' title="bbox 92 2623 1708 2679; baseline 0.002 -14"><span class='ocrx_word' id='word_1_361' title='bbox 92 2637 266 2677; x_wconf 75' lang='lat' dir='ltr'><em>cumque</em></span> <span class='ocrx_word' id='word_1_362' title='bbox 290 2624 510 2679; x_wconf 81' lang='lat' dir='ltr'><em>promissa</em></span> <span class='ocrx_word' id='word_1_363' title='bbox 540 2630 638 2665; x_wconf 82' lang='lat' dir='ltr'><em>sunt</em></span> <span class='ocrx_word' id='word_1_364' title='bbox 669 2629 749 2667; x_wconf 74' lang='lat' dir='ltr'><em>cet.</em></span> <span class='ocrx_word' id='word_1_365' title='bbox 823 2624 893 2665; x_wconf 89' lang='lat' dir='ltr'><em>Ad</em></span> <span class='ocrx_word' id='word_1_366' title='bbox 926 2623 1194 2666; x_wconf 74' lang='lat' dir='ltr'><em>Demetrian.</em></span> <span class='ocrx_word' id='word_1_367' title='bbox 1227 2625 1264 2665; x_wconf 90' lang='lat'>4.</span> <span class='ocrx_word' id='word_1_368' title='bbox 1319 2624 1368 2665; x_wconf 82' lang='lat' dir='ltr'>of.</span> <span class='ocrx_word' id='word_1_369' title='bbox 1402 2624 1477 2665; x_wconf 73' lang='lat' dir='ltr'><em>the</em></span> <span class='ocrx_word' id='word_1_370' title='bbox 1509 2624 1645 2666; x_wconf 77' lang='lat' dir='ltr'><em>whole</em></span> <span class='ocrx_word' id='word_1_371' title='bbox 1664 2638 1708 2669; x_wconf 87' lang='lat'><em>35</em></span> 
     </span>
     <span class='ocr_line' id='line_1_37' title="bbox 92 2698 215 2734; baseline 0 0"><span class='ocrx_word' id='word_1_372' title='bbox 92 2698 215 2734; x_wconf 71' lang='lat' dir='ltr'><em>tract.</em></span> 
     </span>
    </p>
   </div>
  </div>
 </body>
</html>
