1975 3306
146 174 189 216 p.
216 161 344 203 1341.
371 162 445 214 21]
659 160 1101 204 APOLOGETIOVS
1134 164 1185 204 47
1623 163 1707 204 455

241 293 279 333 p.
314 279 397 319 134
435 277 459 318 l.
494 279 546 318 10
586 277 710 333 Kaye
747 279 840 319 203.
885 280 980 319 545.
1042 294 1156 335 supr.
1193 294 1225 321 c.
1260 281 1312 320 22
1356 295 1395 335 p.
1430 278 1483 321 76
1521 279 1544 320 l.
1581 281 1632 319 31
1669 294 1707 320 n.

151 347 217 388 Do
253 347 435 388 Praeser.
467 347 596 388 Haer.
620 349 676 387 40
708 348 940 402 quaeritur,
973 363 1001 389 a
1033 364 1111 403 quo
1143 349 1377 391 intellectus
1408 349 1709 404 intewretetur

151 431 291 458 eorum
327 431 433 470 quae
464 415 522 456 ad
553 414 746 457 haereses
768 415 968 471 faciant:
1011 432 1038 457 a
1069 417 1237 459 diabolo
1266 418 1434 467 scilicet,
1463 418 1582 460 cuius
1613 423 1710 459 sunt

150 492 294 541 partes
334 486 641 528 interuertendi
685 479 1060 529 ueritatem...ideo
1092 503 1223 543 neque
1253 504 1281 529 a
1313 488 1482 530 diabolo
1513 488 1709 529 immissa

149 571 235 598 esse
265 557 489 612 spiritalia
519 557 736 612 nequitiae
765 557 820 611 [=
837 557 945 613 Eph.
970 560 994 599 6
1025 560 1090 599 12.
1144 559 1192 600 A.
1212 559 1293 613 S.],
1316 574 1365 601 ea}
1395 559 1546 614 quibus
1578 559 1708 601 etium
1730 575 1748 606 5

149 626 339 669 haereses
363 627 546 676 ueniunt,
568 627 765 669 dubitare
788 629 883 683 quis
905 628 1030 670 debet.

237 714 275 755 p.
301 700 384 739 134
410 699 434 739 l.
460 701 510 739 11
541 698 699 740 Tatian
722 700 788 740 40.
852 699 1008 740 Iustin.
1032 699 1155 755 Apol.
1180 712 1195 740 Ι
1219 703 1284 741 54.
1347 700 1564 756 Athenag.
1590 701 1644 740 24
1662 700 1686 741 f.

238 780 609 809 AEMVLATIONEM
641 783 672 810 c.
708 771 731 809 2
765 784 799 809 a.
824 769 848 810 f.
871 769 1113 824 intellessere
1139 770 1316 825 potestis
1345 785 1428 811 ‘non
1458 769 1593 811 scelus
1624 770 1706 811 ali-

147 839 258 894 quod
299 840 343 880 in
387 854 517 881 causa
558 855 652 889 esse,
685 840 757 881 sed
788 855 947 889 nomen,
980 840 1090 895 quod
1123 840 1333 895 quaedam
1367 840 1480 882 ratio
1512 839 1706 881 aemulae

148 909 407 963 operationis
438 910 687 964 insequitur.
1220 929 1231 942 ·
1728 928 1771 950 10

234 994 273 1035 p.
308 981 391 1021 134
424 980 447 1020 l.
483 981 535 1019 12
578 986 843 1020 ADVLTERIA
873 980 940 1021 De
972 980 1122 1021 Idolol.
1154 995 1193 1036 p.
1227 982 1282 1022 30
1325 981 1349 1022 l.
1385 982 1437 1021 13
1474 979 1599 1021 Wiss.
1632 980 1707 1035 qui

133 1049 274 1104 falsis
307 1048 397 1090 deis
431 1049 574 1098 seruit,
616 1049 706 1091 sine
746 1049 872 1091 dubio
909 1050 1081 1091 adulter
1117 1055 1176 1092 est
1210 1051 1416 1100 ueritatis,
1450 1051 1552 1105 quia
1587 1065 1705 1092 omne

136 1112 306 1174 falsum
337 1118 600 1160 adulterium
632 1125 700 1160 est.
762 1119 830 1161 De
857 1119 973 1162 Cult.
997 1120 1115 1161 Fem.
1139 1132 1154 1161 Ι
1178 1122 1203 1161 8
1227 1121 1413 1162 colorum
1436 1121 1702 1162 iniustorum.

144 1189 256 1231 Adu.
300 1189 429 1230 Marc.
473 1200 489 1229 Ι
532 1191 587 1230 20
624 1204 684 1245 pr.
719 1189 843 1231 aiunt
884 1190 997 1232 enim
1038 1190 1306 1232 Marcionem
1337 1206 1418 1232 'non
1455 1196 1544 1232 tam
1580 1190 1701 1231 inno-

146 1275 267 1302 uasse
287 1260 484 1315 regulam
505 1261 777 1314 separatione
800 1261 904 1316 legyis
925 1268 963 1303 et
989 1254 1213 1316 euanqelii7
1237 1276 1364 1316 quam
1395 1267 1507 1303 retro
1537 1261 1700 1303 adulte·
1724 1276 1765 1307 15

143 1337 288 1372 ratam
304 1346 532 1372 recurasse.
585 1331 652 1372 De
676 1329 859 1373 Praescr.
885 1331 1015 1373 Haer.
1041 1332 1091 1373 17
1117 1338 1284 1374 tantum
1307 1331 1484 1373 'ueritati
1506 1330 1702 1386 obstrepit

143 1402 315 1444 adulter
343 1417 498 1450 sensus,
521 1407 724 1457 quantum
753 1408 791 1443 et
822 1409 1046 1458 corruptor
1075 1403 1210 1444 stilus.
1275 1405 1329 1444 18
1351 1402 1422 1443 fin.
1454 1416 1612 1443 ‘necesse
1643 1407 1702 1443 est

140 1472 252 1514 enim
283 1477 320 1513 et
355 1471 453 1512 illos
489 1471 627 1513 dicere
665 1487 693 1512 a
729 1471 845 1513 nobis
881 1473 1028 1527 potius
1059 1472 1279 1515 adulteria
1310 1472 1629 1527 scripturarum
1663 1477 1701 1513 et

141 1542 449 1598 eoepositionum
480 1542 704 1584 mendacia
730 1542 900 1597 inferri,
924 1543 997 1598 qui
1024 1543 1203 1598 proinde
1230 1543 1312 1584 sibi
1334 1542 1565 1598 defendant
1587 1541 1698 1583 ueri-

141 1619 279 1656 tatem.
342 1615 398 1654 30
429 1627 467 1668 p.
501 1628 555 1654 m.
588 1613 662 1654 hos
696 1619 739 1654 ut
769 1613 1024 1668 insiqniores
1064 1620 1101 1655 et
1131 1613 1446 1669 frequentiores
1482 1611 1700 1654 adulteros
1719 1628 1763 1650 20

139 1684 336 1726 ueritatis
359 1683 637 1725 nominamus.
700 1686 753 1725 31
772 1699 832 1739 pr.
845 1684 1251 1739 parabolae...quae
1273 1683 1423 1725 bonum
1445 1697 1582 1724 semen
1592 1682 1696 1738 fru-

139 1754 269 1795 menti
285 1769 312 1794 a
334 1753 504 1794 domino
521 1753 775 1795 seminatum
793 1754 838 1794 in.
857 1754 1048 1809 primore
1061 1754 1287 1802 constituit,
1301 1768 1539 1795 auenarum
1556 1758 1695 1794 (tutem

136 1824 297 1866 sterilis
317 1823 447 1879 faeni
478 1823 742 1865 adulterium
774 1824 825 1864 ab
857 1824 1031 1866 inimico
1063 1824 1229 1866 diabolo
1260 1820 1410 1879 postea
1440 1822 1695 1878 superducit.

137 1895 204 1936 De
228 1894 372 1950 Specta.
397 1896 421 1934 2
444 1909 482 1950 p.
506 1896 531 1935 3
555 1894 579 1935 l.
605 1897 625 1934 1
652 1893 778 1935 Wiss.
801 1894 869 1935 uis
900 1895 1072 1936 aemula
1103 1910 1152 1936 ex
1183 1894 1363 1936 aduerso
1395 1892 1696 1935 adulterandis

139 1965 281 2006 usibus
302 1964 477 2005 diuinae
499 1964 761 2005 conditionis.
815 1966 868 2006 23
886 1980 924 2021 p.
946 1966 999 2006 23
1019 1966 1043 2006 l.
1068 1967 1120 2006 25
1138 1964 1263 2006 Wiss.
1287 1980 1369 2006 non
1393 1969 1511 2004 amat
1521 1963 1693 2019 falsum
1716 1980 1758 2011 25

136 2040 284 2077 auctor
296 2035 434 2076 *uerita
441 2034 495 2075 tis
503 2049 515 2082 ‚·
534 2034 795 2075 adulterium
810 2040 868 2075 est
882 2034 1000 2089 apud
1012 2034 1138 2075 illum
1153 2049 1271 2075 omne
1285 2033 1597 2089 quodfingyitsur.
1627 2032 1693 2073 De

138 2105 284 2147 Pudic.
304 2107 358 2146 10
380 2119 418 2160 p.
439 2106 523 2146 240
541 2104 565 2145 l.
586 2106 636 2144 11
664 2103 789 2145 Wiss.
804 2105 1024 2160 scriptura
1045 2103 1504 2146 Pastoris..‚adultera
1527 2108 1563 2144 et
1585 2103 1692 2157 ipsa.

223 2189 261 2230 p.
279 2175 362 2215 134
385 2174 409 2214 l.
426 2175 480 2214 18
504 2184 718 2213 RIDEMVR
740 2176 843 2214 018
866 2174 999 2226 (after
1019 2173 1233 2229 speaking
1254 2173 1300 2213 of
1316 2172 1392 2213 the
1408 2171 1692 2227 judgemen‘o)

135 2244 235 2285 haec
258 2249 295 2284 et
314 2258 389 2284 nos
410 2242 589 2284 risimus
610 2243 852 2298 aliquande.

223 2323 549 2353 IVDICATVRVM
582 2312 790 2353 Geffcken
822 2312 937 2353 Zwei
969 2312 1245 2368 Apologeten
1276 2311 1433 2365 (1907)
1464 2310 1547 2352 279
1570 2325 1610 2351 n.
1636 2312 1689 2352 10
1710 2327 1754 2357 30

134 2382 220 2423 and
242 2396 281 2437 p.
307 2383 371 2423 96.

221 2466 260 2507 p.
286 2453 368 2492 134
401 2451 425 2492 l.
451 2452 503 2492 19
537 2462 800 2492 GEHENNAM
830 2451 954 2507 Kaye
985 2451 1067 2492 247
1091 2466 1176 2506 seq.
1210 2450 1291 2492 327
1317 2465 1404 2505 seq.
1464 2447 1535 2491 De'
1562 2449 1687 2492 Cam.

133 2522 284 2563 Resur.
307 2522 363 2562 34
385 2535 424 2576 p.
449 2519 503 2561 74
525 2520 550 2562 1.
570 2523 623 2562 10
648 2521 722 2563 Kr.
739 2536 872 2576 porro
894 2528 1035 2563 autem
1066 2522 1295 2577 recipimus
1328 2521 1498 2562 (mamae
1529 2520 1686 2562 inmor-

132 2592 354 2640 talitatem,
371 2597 418 2632 ut
431 2590 602 2645 perdita
620 2606 700 2632 non
720 2591 765 2632 in
786 2591 1008 2633 interitum
1028 2591 1240 2640 credatur,
1257 2591 1329 2632 sed
1350 2591 1394 2631 in
1417 2590 1686 2645 supplicium,

132 2662 179 2703 id
201 2667 275 2711 est,
297 2661 343 2701 in
362 2660 605 2715 qelzennam.
668 2661 722 2700 35
745 2675 884 2715 saepe.
948 2660 1014 2701 De
1038 2659 1203 2701 Paenib.
1229 2661 1253 2700 5
1275 2659 1345 2701 fin.
1371 2662 1424 2700 12
1447 2659 1523 2700 bis.
1707 2669 1750 2700 35

220 2744 259 2785 p.
285 2731 369 2771 134
397 2729 422 2769 l.
448 2730 499 2769 21
534 2739 944 2769 DECAOHINNAMVR
972 2729 1027 2769 ad
1056 2738 1143 2770 nat.
1167 2740 1183 2769 1
1214 2730 1267 2770 19
1289 2744 1328 2784 p.
1355 2731 1407 2770 19
1431 2729 1454 2770 l.
1480 2731 1532 2769 12
1559 2728 1685 2771 Wiss.

132 2813 210 2854 quo
246 2798 434 2854 facilius
473 2797 656 2838 rideatis
696 2803 734 2838 et
774 2798 999 2838 resolutius
1040 2797 1358 2840 decachinnetis.
1421 2798 1476 2854 gl.
1519 2797 1564 2838 in
1597 2798 1685 2839 Mai

131 2867 260 2910 Auct.
285 2867 416 2910 Class.
440 2878 490 2908 VI
515 2869 597 2908 519
620 2866 1003 2917 decachinnantem,
1027 2867 1294 2909 deridentem.
