1975 3306
167 138 210 180 p.
240 124 367 167 1361.
392 126 463 179 24]
678 126 1123 170 APOLOGETICVS
1156 130 1209 170 48
1646 132 1725 172 461

168 241 342 298 demque
375 243 560 285 hominis
605 245 832 286 materiam
868 252 905 288 et
944 247 1194 288 memoriam
1228 262 1513 295 reuersurum,
1551 247 1660 302 quod
1692 253 1729 288 et

170 330 191 355 η
201 314 237 355 ila
247 315 278 355 il
300 315 407 356 mali
429 330 477 357 ac
500 315 596 357 boni
617 317 772 359 sentire
788 318 929 371 possis
950 318 1040 359 sine
1062 319 1209 360 carnis
1224 318 1489 374 passionalis
1499 318 1728 373 facultate,

167 391 204 426 et
228 384 347 425 nullu
369 385 480 426 ratio
502 386 558 427 sit
578 385 733 427 iudicii
753 387 843 428 sine
864 387 1002 442 ipsius
1019 388 1279 437 ea‘lzibitione,
1303 388 1377 443 qui
1398 388 1554 429 meruit
1574 387 1729 429 iudicii

162 456 416 512 passionem.
480 471 592 498 omn.
618 457 744 499 Prud.
769 473 800 499 c.
826 457 990 514 Symm.
1016 470 1031 498 Ι
1055 461 1289 501 328--330
1312 474 1377 514 ap.
1402 458 1465 499 La
1487 457 1638 500 Corda.

256 541 294 581 p.
322 527 403 567 136
431 526 454 567 l.
476 528 529 567 22
563 538 853 569 MERVERVNT
879 528 1028 570 Ambr.
1053 529 1119 570 De
1142 529 1250 570 Fide
1274 529 1445 571 Resurr.
1470 532 1524 570 88
1547 528 1648 570 haec
1671 535 1728 570 est

167 596 295 637 series
321 602 358 638 et
380 611 511 638 causa
532 597 734 647 iustitiae,
760 604 801 640 ut
824 599 1025 654 quoniam
1047 600 1237 654 corporis
1258 600 1474 654 animique
1496 599 1729 641 communis

168 672 226 708 est
259 672 377 708 actus
398 667 522 721 (quia
552 683 659 723 quae
690 669 863 710 animus
894 669 1109 723 coyitauit,
1143 684 1295 724 corpus
1326 669 1479 724 effecit)
1503 675 1729 724 utrumque

168 736 210 776 in
247 736 453 777 iudicium
494 737 636 778 ueniat
666 743 892 792 'utrumque
924 743 1000 778 aut
1029 753 1194 792 poenae
1228 738 1414 780 dedatur
1451 744 1526 779 aut
1559 738 1729 793 yloriae

170 812 417 848 reseruetur.
482 822 583 848 nam
623 808 932 863 propemodum
970 807 1204 849 absurdum
1236 808 1417 856 uidetur,
1454 809 1729 850 ut...uni⁷nus

167 875 375 917 subdatur
415 877 616 927 iniuriae,
663 878 828 919 alienae
875 893 970 919 reus
1014 878 1177 933 calpae,
1219 893 1320 920 caro
1364 879 1498 934 quiete
1532 879 1729 933 potiatur

169 951 316 987 auctor
360 961 601 989 aerumnae.
660 946 857 1002 [lustin]
902 946 1078 990 Cohort.
1117 948 1171 988 ad
1210 948 1358 989 Gracc.
1393 950 1445 989 27
1479 964 1518 1004 p.
1553 950 1624 990 260
1655 949 1727 1002 (de

169 1015 357 1057 Aridaeo
394 1017 504 1071 eto).

262 1100 301 1141 p.
322 1086 443 1127 1361.
461 1088 514 1128 23
529 1097 615 1127 SED
630 1097 854 1135 QVOMODO
869 1092 948 1128 cet.
984 1086 1143 1128 Tatian
1160 1089 1183 1128 6
1199 1102 1237 1143 p.
1256 1088 1358 1128 146<’ι
1376 1086 1527 1143 ὥσπερ
1545 1087 1630 1145 γὰρ
1649 1088 1728 1130 οὐκ

170 1153 226 1197 ὧν
249 1155 356 1212 πρὶν
378 1155 401 1207 ἢ
423 1155 631 1209 *γενέσθαι
649 1155 712 1199 τίς
730 1155 844 1210 ἥμην
862 1157 941 1198 οὐκ
960 1155 1214 1210 ἐγίνωσκον,
1230 1156 1366 1210 μόνον
1390 1157 1434 1199 δὲ
1459 1159 1502 1199 ἐν
1526 1159 1724 1200 ὑποστά-

171 1244 240 1269 σει
268 1230 345 1280 τῆς
368 1231 585 1284 σαρκικῆς
608 1228 717 1279 ὕλης
742 1228 959 1284 ὑπῆρχον,
980 1227 1170 1282 «γεγονὼς
1194 1227 1240 1270 δὲ
1264 1225 1285 1270 ὁ
1306 1227 1365 1281 μὴ
1389 1227 1534 1270 πάλαι
1558 1228 1629 1271 διὰ
1651 1232 1726 1282 τῆς

170 1296 379 1350 ’γενέσεως
413 1296 462 1339 Τὸ
496 1296 607 1340 Εἶναι
640 1296 941 1340 ἿΤΕΊΓίσΤΕυΚα”
978 1297 1055 1340 Τὸν
1088 1297 1224 1340 αὐτὸν
1256 1297 1425 1354 ΤρόπΟΙ)
1455 1297 1728 1354 ὁΎΕνὸμΕνΟς

171 1366 246 1408 καὶ
279 1365 351 1408 διὰ
375 1365 570 1409 θανάτου
600 1366 758 1419 μηκέτι
791 1365 860 1416 ὤν,
884 1365 1010 1411 αὖθίς
1043 1385 1089 1408 τε
1116 1366 1271 1419 μηκέθ’
1309 1365 1535 1420 ὁρώμενος,
1565 1367 1727 1422 ἔσομαι

171 1436 325 1486 πάλιν,
349 1436 503 1493 ὥσπερ
526 1436 585 1490 μὴ
604 1439 752 1478 πάλαι
768 1435 956 1490 Γγεγονώς
974 1436 1068 1479 εἶτα
1086 1437 1321 1492 γεννηθείς.
1376 1437 1482 1479 Soul
1499 1439 1726 1494 corporeal.

169 1507 281 1548 Adu.
314 1507 519 1563 Hermog.
559 1508 625 1548 35.
689 1506 756 1547 De
793 1506 939 1548 Anim.
976 1509 1012 1548 5.
1047 1509 1083 1549 6.
1118 1506 1153 1548 7.
1187 1510 1223 1548 8.
1258 1509 1294 1549 9.
1328 1510 1393 1549 22.
1432 1509 1498 1549 36.
1532 1507 1599 1550 37.
1661 1509 1726 1550 De

171 1577 311 1620 Carne
344 1577 444 1620 Chr.
470 1581 534 1620 11.
597 1577 663 1619 De
697 1577 824 1620 Cam.
860 1577 1031 1619 Resurr.
1064 1577 1128 1619 17.
1162 1579 1229 1619 45.
1263 1580 1329 1619 53.
1392 1578 1504 1620 Adu.
1538 1579 1666 1620 Marc.
1698 1590 1727 1619 V

171 1650 236 1690 10.
273 1651 337 1690 15.
398 1649 511 1704 Aug.
545 1648 651 1690 Gen.
681 1648 735 1689 ad
758 1647 864 1690 Litt.
890 1659 940 1688 IV
962 1663 994 1689 c.
1019 1650 1074 1689 34
1095 1646 1115 1705 ἓ
1137 1650 1191 1689 55
1214 1648 1302 1689 and
1324 1648 1390 1689 De
1415 1648 1592 1690 Haeres.
1616 1664 1648 1690 c.
1673 1651 1726 1691 86

169 1717 255 1759 and
278 1717 481 1774 Fulgent.
504 1718 528 1758 l.
553 1719 577 1758 2
601 1717 782 1770 (Pamel.
806 1728 822 1757 Ι
845 1718 900 1758 30
923 1718 1009 1771 31).

257 1802 297 1843 p.
322 1788 404 1828 136
438 1786 462 1828 l.
491 1788 545 1827 24
578 1786 645 1827 De
682 1785 809 1828 Carn.
848 1786 1020 1827 Resurr.
1058 1788 1109 1826 11
1144 1785 1215 1827 fin.
1248 1786 1425 1828 idoneus
1460 1793 1519 1829 est
1559 1787 1729 1842 reficere

169 1858 244 1913 qui
281 1857 403 1913 fecit,
448 1862 604 1912 qilanto
652 1856 756 1912 plus
809 1862 867 1897 est
909 1856 1069 1912 fecisse
1118 1871 1248 1911 quam
1295 1856 1501 1912 refecisse,
1553 1857 1728 1899 initium

170 1928 345 1977 dedisse,
379 1942 507 1983 quam
544 1926 792 1969 reddidisse.
855 1927 921 1968 ita
961 1926 1269 1968 restitutionem
1301 1928 1445 1969 carnis
1474 1927 1727 1983 faciliorem

171 1998 318 2040 credas
358 1998 632 2039 institutione.
695 1996 856 2038 Minue.
890 1999 945 2038 34
987 1995 1007 2054 ξ
1038 1999 1063 2038 8
1107 2003 1288 2039 ceterum
1329 1998 1424 2053 quis
1456 2004 1545 2039 tani
1575 2000 1728 2041 stultus

171 2075 246 2111 aut
282 2069 428 2110 brutus
458 2074 527 2117 est,
558 2074 605 2110 ut
636 2068 795 2109 audeat
831 2082 1071 2123 repugnare
1111 2067 1322 2109 hominem
1364 2083 1391 2109 a
1432 2068 1519 2118 deo,
1550 2075 1597 2110 ut
1630 2070 1726 2124 pri-

172 2153 288 2179 mum
322 2138 507 2193 potuisse
526 2138 650 2193 finyi,
673 2137 737 2179 ita
761 2152 886 2192 posse
918 2137 1052 2179 denuo
1081 2136 1346 2193 reformari?
1383 2137 1492 2178 nihil
1523 2153 1606 2180 esse
1630 2145 1729 2194 post

173 2207 328 2249 obitum
370 2213 409 2250 et
458 2213 554 2249 ante
602 2213 742 2249 ortum
793 2206 903 2247 nihil
946 2206 1116 2262 fuisse:
1177 2207 1285 2248 sicut
1333 2206 1382 2248 de
1425 2207 1558 2249 nihilo
1608 2210 1728 2250 nasci

173 2277 304 2328 licuit,
347 2278 413 2319 ita
455 2277 505 2319 de
539 2277 674 2318 nihilo
708 2277 832 2319 licere
872 2277 1109 2331 reparari?
1157 2291 1292 2331 porro
1329 2275 1549 2330 difficilius
1582 2283 1641 2318 est
1681 2278 1728 2319 id

172 2348 282 2403 quod
312 2362 393 2389 non
425 2347 481 2388 sit
510 2347 709 2402 incipere,
740 2361 870 2402 quani
900 2345 949 2387 id
979 2346 1090 2401 quod
1115 2345 1259 2401 fuerit
1289 2345 1457 2387 iterare.
1521 2346 1727 2388 Prudent.

173 2416 319 2459 Contr.
352 2416 516 2471 Symm.
549 2427 585 2456 ΙΙ
629 2417 801 2456 191—4
833 2415 936 2470 quin
967 2420 1005 2456 et
1035 2414 1280 2469 corporibus
1314 2415 1477 2469 parilis
1518 2415 1729 2458 consortia

165 2502 329 2542 poenae
359 2487 594 2536 decernam,
622 2501 797 2541 possum
829 2486 1032 2540 quonium
1062 2499 1270 2526 renouare
1289 2483 1485 2540 fauillas
1506 2486 1728 2541 antiquam

172 2557 218 2598 in
249 2557 427 2613 faciem,
454 2571 528 2597 nec
558 2556 828 2611 desperanda
851 2561 1051 2611 potestas,
1083 2555 1156 2609 qui
1181 2554 1307 2608 potui
1327 2553 1529 2609 formare
1559 2570 1727 2602 nouum,

172 2626 379 2669 renouabo
410 2631 689 2681 peremptum.
751 2625 902 2666 Ambr.
940 2625 1007 2665 De
1044 2624 1153 2665 Fide
1188 2623 1533 2665 Resurrectionis
1567 2626 1622 2666 64
1655 2625 1726 2667 fin.

174 2711 249 2739 cur
279 2697 488 2737 miremur
518 2694 684 2736 renasci
709 2709 832 2749 posse
863 2694 973 2749 quod
1003 2693 1158 2749 fuerit,
1191 2708 1285 2734 cum
1320 2692 1544 2734 ‘uideamus
1581 2700 1728 2736 natum

173 2781 257 2809 esse
293 2766 401 2821 quod
433 2780 516 2806 non
537 2763 663 2820 fuit?
724 2764 922 2805 Lactan‘o.
955 2774 1024 2803 VII
1058 2764 1111 2803 23
1143 2761 1162 2818 ξ
1195 2765 1218 2802 5
1251 2763 1289 2803 si
1322 2777 1349 2803 a
1375 2762 1594 2817 principio
1626 2763 1728 2806 deus

176 2837 385 2879 hominem
421 2835 557 2877 nescio
589 2849 667 2890 quo
698 2834 990 2876 inenarrabili
1025 2833 1148 2876 modo
1185 2833 1380 2882 instituit,
1412 2833 1635 2876 credamus
1676 2836 1728 2877 ab

1749 541 1769 573 5

1750 895 1794 917 10

1750 1247 1793 1278 15

1748 2296 1794 2328 30

1749 2642 1793 2673 35
