1975 3306
273 94 356 133 408
841 87 1249 130 TERTVLLIANI
1478 88 1540 143 [p.
1570 85 1699 127 1161.
1725 88 1837 128 29-—

362 221 401 262 p.
422 207 504 247 116
528 205 552 246 l.
572 206 625 246 29
650 215 829 245 MORTVI
852 219 883 245 c.
910 205 963 244 12
986 219 1046 260 pr.
1070 219 1108 260 p.
1127 205 1182 244 42
1206 203 1229 244 l.
1254 205 1309 245 33
1332 218 1371 244 n.
1424 202 1488 245 Cf.
1509 218 1540 244 c.
1563 205 1627 244 10.
1643 217 1675 244 c.
1697 205 1746 243 11
1772 217 1833 258 pr.

275 276 434 318 Arnob.
459 287 474 316 1
497 276 564 317 37.
598 286 647 315 IV
673 276 725 316 :29
749 273 947 315 Hildebr.

362 361 400 402 p.
428 347 509 387 116
533 345 557 386 l.
581 346 637 386 30
667 355 800 385 ALIAS
816 365 849 378 =
865 344 993 385 aliter
1022 343 1160 385 Lewis
1182 343 1267 385 and
1292 343 1424 386 Short
1446 359 1485 385 n.
1506 347 1540 385 5.
1595 343 1661 385 De
1684 343 1834 385 Idolol.

276 419 296 457 1
322 432 360 473 p.
385 418 437 458 31
463 417 486 457 l.
513 417 566 457 10
589 415 715 456 Wiss.
778 414 881 469 [See
903 414 1027 455 Thes.
1052 414 1174 456 alias.
1198 426 1262 456 ΙΙΙ.
1325 414 1375 455 A.
1400 413 1463 468 S]

233 503 254 534 5
364 498 413 527 IN
444 496 729 527 HODIERNVM
756 485 823 527 De
852 485 1000 526 Idolol.
1024 486 1049 525 3
1073 500 1132 541 pr.
1196 483 1297 527 CIL
1325 496 1413 525 VIII
1438 483 1590 526 10570.
1659 485 1718 526 ad
1742 484 1834 527 hod.

275 557 328 598 ad
351 562 438 598 nab.
463 568 478 597 Ι
502 558 526 598 9
550 570 590 612 p.
614 554 668 597 73
692 555 715 596 l.
740 556 794 597 26
819 554 944 596 Wiss.
1009 554 1154 610 Scorp.
1179 553 1201 595 7
1227 554 1251 595 f.
1274 569 1313 610 p.
1340 556 1422 595 160
1446 554 1469 595 l.
1493 556 1518 596 5
1542 553 1668 596 Wiss.

363 642 400 683 p.
420 628 503 668 116
526 626 567 668 ll.
583 628 725 668 30—1
750 640 783 667 c.
804 627 857 666 10
879 625 950 667 fin.
985 625 1115 666 etiam
1134 624 1285 666 Iouem
1308 624 1568 666 ostendemus
1590 631 1679 667 tam
1700 626 1834 667 homi-

273 713 368 740 nem
402 713 531 753 quam
568 712 616 739 ex
656 696 822 738 homine
860 701 899 737 et
936 695 1131 750 deinceps
1167 700 1297 736 totum
1332 695 1498 750 yeneris
1534 710 1708 737 eoeamen
1746 702 1837 738 tam

277 769 454 810 mortale
485 783 616 823 quam
646 766 821 809 sen'zinis
850 766 920 808 sui
944 781 1043 821 par.

212 862 254 884 10
362 854 400 896 p.
436 841 518 881 116
552 839 575 880 l.
610 840 661 880 31
698 849 940 879 POSTVMAE
971 852 1003 879 c.
1033 852 1128 892 gen.
1158 836 1213 877 ad
1245 843 1335 878 nat.
1368 848 1383 877 I
1417 839 1442 877 9
1472 839 1517 888 (a
1544 837 1724 893 parallel
1752 837 1839 891 ch.)

275 926 313 966 p.
338 910 392 951 73
425 910 449 951 l.
484 911 538 951 26
572 908 697 951 Wiss.
733 924 814 950 non
849 908 964 949 alias
995 908 1108 949 enim
1137 906 1447 963 supeifuissent
1484 907 1542 949 ad
1573 907 1836 958 hodiernum,

275 980 361 1022 nisi
387 986 587 1036 postuma
620 979 760 1021 cladis
789 979 922 1020 illius.

363 1066 404 1107 p.
438 1052 520 1093 116
554 1050 580 1091 l.
612 1052 666 1092 32
699 1060 897 1090 EXAMEN
929 1048 1064 1090 hence
1104 1047 1224 1089 Lact.
1259 1059 1307 1088 IV
1342 1049 1396 1088 10
1429 1046 1448 1104 ἓ
1477 1049 1530 1088 14
1561 1054 1706 1103 postea
1736 1063 1836 1091 ‘uero

276 1136 371 1164 cum
412 1121 459 1162 in
500 1121 667 1163 deserta
708 1119 897 1176 quadam
927 1125 1053 1174 parte
1088 1118 1245 1173 Syriae
1281 1118 1569 1168 consedissent,
1602 1119 1840 1161 amiserunt

213 1211 255 1242 15
275 1197 396 1232 uetus
438 1205 586 1232 nomen
626 1189 844 1231 Hebraei:
886 1195 924 1231 et
955 1189 1159 1243 quoniam
1194 1187 1399 1243 princeps
1440 1188 1651 1229 eoeaminis
1692 1203 1838 1230 eorum

276 1260 418 1302 Iudas
438 1266 542 1309 erat,
565 1260 726 1302 Iudaei
753 1265 851 1301 sant
877 1258 1104 1314 appellati.
1165 1273 1282 1313 supr.
1303 1273 1334 1299 c.
1361 1260 1414 1300 10
1436 1258 1506 1300 fin.
1570 1259 1619 1300 cf.
1646 1259 1747 1301 Hor.
1771 1275 1836 1316 ep.

277 1342 293 1371 1
318 1334 372 1374 19
397 1333 452 1373 23
474 1331 562 1373 duas
582 1331 693 1385 reyit
715 1345 904 1372 eoeanzen.

366 1413 537 1443 SECTAE
559 1416 591 1442 c.
612 1402 663 1441 21
689 1415 751 1456 pr.
767 1415 809 1441 n.
826 1401 886 1456 (p.
905 1401 958 1441 66
982 1399 1008 1440 l.
1033 1399 1117 1452 14).
1171 1398 1225 1439 ad
1247 1403 1338 1439 nat.
1362 1410 1375 1438 Ι
1402 1399 1455 1439 10
1477 1413 1516 1454 p.
1537 1398 1590 1440 76
1614 1399 1639 1440 l.
1663 1401 1687 1442 9
1712 1400 1838 1443 Wiss.

278 1473 437 1515 habetis
478 1472 614 1527 iyitur
650 1471 697 1512 in
740 1470 979 1512 maioribus
1015 1470 1179 1518 uestris,
1215 1469 1293 1511 etsi
1325 1485 1406 1511 non
1449 1485 1609 1519 nomen,
1651 1477 1840 1515 attamen

214 1566 259 1588 20
278 1548 434 1585 sectam
457 1537 764 1590 Christianam,
782 1556 889 1596 quae
911 1541 1008 1582 deos
1030 1540 1224 1595 negdeyit.
1268 1539 1428 1581 Minue.
1448 1542 1504 1582 40
1520 1538 1539 1597 ἓ
1557 1542 1595 1582 2.
1633 1541 1829 1584 Prudenb

280 1611 427 1655 Conbr.
452 1611 619 1667 Symm.
641 1623 676 1652 ΙΙ
707 1613 775 1653 93.
799 1613 866 1653 96.
927 1611 1089 1667 Apoth.
1114 1610 1246 1666 praef.
1269 1621 1305 1651 ΙΙ
1331 1613 1368 1651 1.
1427 1610 1546 1652 Lact.
1568 1611 1634 1653 De
1663 1611 1779 1668 Opis.
1803 1616 1824 1654 1

368 1697 409 1739 p.
436 1684 516 1724 116
548 1681 570 1723 l.
595 1683 651 1724 34
685 1693 855 1723 IGNEVS
890 1692 1035 1722 IMBER
1068 1681 1234 1722 Paulin.
1266 1680 1364 1722 Nol.
1395 1696 1426 1722 c.
1458 1683 1512 1723 23
1543 1683 1641 1724 221.
1694 1682 1840 1725 Rufin.

281 1753 397 1794 Hist.
423 1752 536 1793 Ecol.
557 1763 573 1792 Ι
598 1755 618 1792 1
645 1766 685 1807 p.
710 1753 763 1792 13
782 1750 1059 1807 populatione
1081 1751 1198 1805 iqnei
1218 1751 1380 1792 imbris.

368 1833 505 1871 SIQVA
535 1828 615 1863 cet.
648 1821 971 1878 Pseudo-Cypr.
993 1821 1059 1862 De
1093 1820 1282 1862 Sodoma
1314 1823 1485 1862 134—8
1516 1822 1842 1880 semiperempta

215 1916 258 1948 25
280 1895 412 1936 etiam
459 1894 585 1948 siqua
633 1893 727 1934 illic
774 1893 926 1948 iuyera
976 1892 1113 1934 laetas
1165 1890 1170 1947 Ι
1226 1892 1426 1933 autumni
1476 1899 1684 1934 conantur
1735 1910 1840 1950 opes,

269 1965 410 2021 facile
443 1964 605 2020 optima
638 1979 724 2005 sese
765 1963 770 2015 Ι
810 1963 1068 2019 promittant
1103 1963 1236 2004 oculis
1272 1963 1382 2017 pira
1416 1963 1589 2018 persica
1623 1971 1661 2006 et
1695 1965 1840 2007 omnia

283 2037 404 2086 mela,
431 2035 436 2090 Ι
466 2036 593 2077 donec
621 2040 878 2090 carpantur:
912 2049 1014 2075 nam
1031 2034 1233 2089 protinus
1254 2033 1393 2075 indice
1415 2039 1529 2075 tacta
1556 2031 1560 2089 Ι
1590 2035 1774 2076 soluitur
1794 2036 1840 2077 in

281 2107 462 2149 cinerem
493 2105 623 2148 uacui
643 2105 839 2160 fallacia
865 2106 1002 2160 pomi.
1063 2104 1160 2145 Tac.
1187 2103 1302 2145 Hist.
1327 2115 1357 2144 V
1382 2102 1404 2145 7
1429 2104 1546 2145 haud
1568 2105 1723 2160 procul
1744 2105 1843 2148 inde

282 2177 427 2233 ca‘nzpi
448 2192 551 2232 quos
571 2176 727 2232 ferunt
750 2176 853 2218 olim
876 2175 1021 2217 uberes
1044 2175 1292 2230 nzaynisque
1314 2174 1487 2216 urbibus
1514 2174 1725 2217 habitatos
1744 2175 1842 2232 ful-

216 2268 262 2300 30
282 2248 446 2289 minum
478 2247 595 2289 iactu
617 2247 785 2296 arsisse,
809 2252 846 2288 et
869 2260 1040 2288 manere
1061 2246 1246 2299 uestiyia
1269 2251 1513 2300 terramque
1534 2246 1687 2300 ipsam,
1709 2247 1844 2302 specie

282 2317 506 2366 torridam,
529 2316 620 2357 uim
642 2315 919 2372 fmyiferam
947 2315 1205 2370 perdidisse.
1266 2330 1366 2356 nam
1390 2321 1540 2356 cuncta
1561 2321 1707 2370 sponte
1728 2315 1844 2357 edita

283 2394 358 2430 aut
380 2402 512 2429 manu
533 2393 642 2435 sata,
663 2387 753 2428 siue
775 2386 905 2428 herba
926 2392 1046 2428 tenus
1069 2391 1144 2427 aut
1163 2386 1286 2441 flore,
1309 2400 1380 2426 seu
1402 2385 1576 2426 solitam
1596 2385 1639 2426 in
1664 2387 1844 2441 speciem

284 2457 519 2505 adoleuere‚
535 2463 637 2498 atra
654 2462 692 2499 et
714 2457 869 2498 inania
885 2457 1003 2498 uelut
1018 2457 1061 2497 in
1087 2456 1271 2498 cinerem
1296 2461 1537 2497 uanescunt.
1589 2455 1757 2511 Ioseph.
1777 2456 1844 2497 De

286 2528 391 2569 Bell.
414 2527 508 2570 Iud.
539 2539 589 2568 {V
622 2530 647 2567 8
679 2526 698 2584 ἓ
729 2529 756 2568 4«
789 2527 884 2578 ἥτις
917 2527 1014 2569 ἐστὶ
1038 2525 1178 2583 πικρὰ
1208 2525 1424 2580 μὲν...καὶ
1456 2524 1843 2584 ἄγονος...Ὑειτνιᾷ

219 2612 262 2644 35
286 2597 330 2639 δὲ
353 2598 378 2650 ἡ
403 2595 638 2651 Σοδομῖτις
668 2596 793 2652 αὐτῇ,
816 2597 960 2639 πάλαι
984 2597 1062 2644 μὲν
1086 2595 1304 2650 εὐδαίμων
1329 2599 1386 2650 «γῆ
1417 2597 1603 2649 καρπῶν
1635 2613 1682 2638 τε
1715 2596 1842 2638 ἕνεκα

285 2667 357 2708 καὶ
381 2669 459 2718 τῆς
481 2665 596 2708 κατὰ
620 2664 773 2708 πόλεις
796 2664 1072 2722 περιουσίας,
1096 2668 1171 2707 νῦν
1196 2665 1240 2707 δὲ
1270 2663 1516 2718 κεκαυμένη
1541 2667 1690 2706 πᾶσα·
1726 2665 1842 2720 φασὶ

286 2735 330 2777 δὲ
354 2736 408 2779 ὡς
432 2734 487 2776 δι’
511 2735 729 2786 ἀσέβειαν
761 2733 1003 2791 οἰκητόρων
1037 2737 1261 2790 κεραυνοῖς
1293 2732 1569 2790 κατεφλέγη·
1610 2733 1709 2776 ἔστι
1738 2737 1844 2786 «γοῦν

286 2805 351 2847 ἔτι
372 2804 573 2861 λείψανα
595 2807 673 2847 τοῦ
697 2803 816 2847 θείου
837 2805 989 2861 πυρός,
1011 2804 1084 2847 καὶ
1108 2804 1241 2846 πέντε
1262 2803 1343 2857 μὲν
1368 2802 1546 2846 πόλεων
1570 2801 1678 2846 ἰδεῖν
1700 2805 1844 2855 σκιάς,
