1975 3306
302 146 382 187 246
877 141 1284 183 TERTVLLIANI
1547 147 1606 196 [p.
1630 142 1685 182 50
1706 139 1735 181 l.
1760 140 1872 179 20—

391 269 751 300 REPRAESENTAT
782 273 813 300 o.
851 259 903 300 16
937 273 975 314 p.
1010 260 1064 299 52
1098 258 1122 300 l.
1154 256 1219 299 27.
1284 256 1393 298 Plin.
1424 256 1463 298 h.
1487 271 1527 298 n.
1562 267 1686 297 xxm
1712 254 1732 312 ξ
1754 256 1808 295 82
1830 254 1870 295 si

304 330 461 372 uetusti
491 344 575 371 non
606 329 662 370 sit
695 328 868 376 occasio,
901 328 1150 383 decoquitur
1184 333 1227 369 ut
1257 332 1508 369 uetustatem
1538 325 1719 368 simulet.

391 415 431 456 p.
475 401 530 441 50
573 399 597 440 l.
642 401 693 439 21
747 409 1112 440 CONSTVPRATVR
1153 397 1303 441 Idolol.
1349 399 1383 438 1.
1464 396 1550 439 Cic.
1601 396 1696 437 Liu.
1747 394 1873 437 Suet.

306 471 426 513 Hier.
489 485 559 512 ore
606 476 721 512 -atus
763 469 982 526 Lamprid.
1031 468 1198 512 Comm.
1246 480 1261 509 Ι
1305 466 1325 525 ξ
1367 467 1403 511 7.
1467 468 1570 522 [See
1612 468 1702 509 also
1744 466 1870 508 Thes.

266 557 285 588 5
306 543 356 582 A.
381 541 444 595 S]

396 626 434 666 p.
459 610 561 652 501.
586 612 640 651 22
665 621 816 651 PLANE
847 616 929 651 cet.
992 609 1046 650 ad
1079 614 1167 650 nat.
1199 620 1213 649 Ι
1247 610 1300 650 10
1330 622 1369 664 p.
1401 609 1456 649 80
1487 608 1511 648 l.
1536 610 1560 649 5
1585 606 1711 648 Wiss.
1743 605 1876 661 plane

311 681 592 736 reliyiosiores
623 681 722 722 estis
754 680 800 722 in
834 680 1133 735 yladiatorum
1168 694 1312 727 cauea,
1349 677 1422 720 ubi
1457 692 1586 733 super
1621 676 1874 732 sanquinem

309 752 557 800 humanum,
599 766 728 806 super
764 750 1093 805 inquinamenta
1123 764 1366 805 poenarum
1398 748 1576 804 perinde
1609 747 1772 788 saltant
1805 745 1878 787 dei

312 820 443 863 uestri
472 826 728 876 aryurnenta
756 826 795 862 et
826 819 1032 862 historias
1065 818 1308 861 nocentibus
1341 817 1583 873 ewyandis,
1614 823 1660 859 ut
1691 817 1738 858 in
1768 816 1880 871 ipsis

246 909 289 932 10
309 892 401 934 deis
433 899 621 934 nocentes
649 891 902 946 puniantur.

399 973 553 1003 CAVEA
588 961 729 1002 Plaut.
764 959 851 1003 Cic.
886 960 1014 1016 Verg.
1049 959 1171 1001 Suet.
1203 959 1303 1001 Sen.
1336 973 1412 1015 eg.
1444 959 1519 1014 Ep.
1555 960 1611 999 84
1640 955 1659 1014 ᾖ
1689 959 1754 999 10.
1798 955 1878 998 Sil.

311 1043 395 1072 XVI
431 1033 513 1072 535
550 1046 682 1073 cauea
716 1030 951 1072 damnante
976 1029 1191 1086 furorem.
1247 1028 1343 1070 472.
1398 1027 1510 1070 Stat.
1550 1028 1686 1070 Theb.
1725 1039 1740 1068 Ι
1778 1028 1877 1068 423.

312 1113 342 1142 V
372 1103 468 1143 340.
500 1113 549 1142 VI
581 1103 678 1143 654.
733 1101 877 1142 Valer.
900 1100 1015 1143 Flac.
1039 1111 1088 1141 IV
1113 1102 1208 1141 228.
1268 1099 1465 1141 Bahrens
1489 1098 1621 1140 PLM.
1646 1110 1675 1139 V
1701 1100 1784 1140 110
1812 1100 1878 1140 10.

314 1172 425 1227 Aug.
449 1170 516 1212 De
539 1170 635 1213 Ciu.
659 1170 743 1212 Dei
766 1182 782 1211 Ι
805 1172 872 1212 31.
927 1169 1134 1210 Prudent.
1157 1168 1397 1224 Perisbeph.
1421 1180 1470 1209 VI
1494 1170 1560 1210 62.
1613 1167 1786 1224 Coripp.
1810 1166 1878 1208 De

250 1257 291 1289 15
313 1241 540 1283 Laudibus
570 1241 728 1283 Iustin.
759 1252 813 1281 III
844 1242 940 1282 253.
1003 1239 1122 1281 Lacu.
1146 1251 1177 1280 V
1208 1241 1263 1281 20
1292 1237 1311 1296 ἓ
1335 1241 1388 1280 13
1421 1239 1564 1294 qualis
1594 1239 1695 1281 haec
1726 1238 1881 1294 reliyio

315 1317 390 1353 aut
426 1317 589 1366 quanta
625 1312 829 1353 maiestas
865 1310 1068 1365 putanda
1105 1315 1175 1359 est,
1209 1324 1316 1364 quae
1357 1309 1571 1351 adoratur
1611 1309 1656 1350 in
1699 1308 1882 1364 templis,

314 1382 522 1425 illuditur
557 1383 604 1424 in
637 1383 848 1425 theatris?
889 1387 927 1424 et
958 1381 1033 1437 qui
1063 1381 1164 1423 haec
1189 1381 1388 1437 fecerint,
1421 1396 1504 1423 non
1532 1395 1695 1436 poenas
1726 1380 1882 1422 uiolati

317 1452 505 1494 numinis
530 1452 735 1508 pendunt,
767 1452 840 1494 secl
871 1451 1069 1493 honorati
1099 1450 1231 1493 etiam
1263 1450 1516 1506 laudatique
1548 1450 1778 1492 discedunt.

403 1536 441 1577 p.
467 1522 568 1563 501.
594 1523 1036 1570 231NQV1NAMENTA
1080 1519 1190 1562 Vitr.
1234 1520 1311 1573 (1).
1355 1519 1463 1561 Gell.
1507 1521 1585 1573 (1).
1652 1519 1769 1561 Tert.
1813 1519 1880 1560 De

250 1611 296 1633 20
317 1590 459 1634 Carne
483 1591 649 1634 Christi
683 1593 738 1632 20
762 1591 785 1632 f.
850 1590 916 1632 De
940 1590 1137 1646 Spectac.
1162 1592 1200 1632 8.
1225 1592 1279 1632 10
1303 1591 1327 1631 f.
1354 1593 1406 1631 15
1429 1605 1491 1646 pr.
1554 1589 1703 1631 Ambr.
1728 1589 1810 1631 Off.
1845 1601 1880 1630 ΙΙ

316 1660 336 1718 ξ
358 1664 425 1704 65.
476 1661 543 1703 De
571 1661 682 1704 Cain
706 1673 739 1702 ΙΙ
769 1659 788 1718 ξ
811 1663 847 1703 2.
901 1660 1124 1703 Chromat.
1148 1660 1194 1701 in
1222 1661 1349 1702 Mab‘n.
1373 1665 1425 1702 tr.
1449 1662 1474 1702 3
1505 1658 1524 1716 ἓ
1546 1662 1582 1702 6.
1625 1659 1743 1714 [Add
1766 1660 1881 1716 Aug.

318 1746 428 1788 spec.
450 1733 488 1774 4.
514 1732 715 1788 Ps.-Aug.
734 1747 858 1773 serm.
878 1737 955 1773 ber.
998 1731 1049 1774 A.
1069 1730 1132 1785 S]
1185 1730 1361 1772 Picture
1385 1731 1432 1772 of
1449 1730 1568 1772 Leda
1591 1729 1727 1773 Clem.
1751 1730 1880 1773 Hom.

318 1813 367 1843 VI
393 1804 459 1844 23.

406 1888 445 1928 p.
470 1873 571 1914 501.
598 1875 651 1914 25
675 1884 811 1914 Noxn
845 1872 895 1914 cf.
932 1871 1060 1914 Mart.
1097 1883 1127 1912 x
1164 1874 1229 1913 25.
1269 1883 1357 1912 vm
1394 1873 1448 1913 30
1483 1871 1609 1925 (both
1645 1871 1882 1923 Scaevola).

254 1958 298 1990 25
320 1942 463 1999 Specta.
489 1942 512 1984 7
537 1942 825 1997 (Laureolus).
850 1945 876 1984 8
898 1942 1172 1996 (Daedalus).
1204 1945 1255 1984 21
1282 1942 1535 1999 (Orpheus).
1599 1942 1886 1984 Friedlander

320 2018 370 2053 11⁵
392 2015 605 2055 408—10.

409 2098 447 2138 p.
472 2084 526 2124 50
549 2083 573 2123 l.
599 2085 652 2124 26
676 2094 815 2124 ATTIN
843 2083 897 2125 ad
920 2090 1008 2125 nat.
1033 2095 1048 2124 Ι
1073 2085 1127 2125 10
1150 2098 1188 2138 p.
1213 2085 1268 2124 80
1291 2083 1315 2124 l.
1341 2085 1365 2125 9
1389 2082 1515 2125 Wiss.
1541 2082 1733 2124 uidimus
1760 2097 1885 2138 saepe

321 2159 555 2194 castratum
584 2154 711 2195 Attin
749 2154 874 2195 deum
908 2169 935 2195 a
969 2148 1235 2203 Pessinunte,
1267 2159 1305 2195 et
1336 2153 1410 2208 qui
1440 2153 1570 2194 uiuus
1604 2152 1885 2202 crenzabatm·‚

322 2221 554 2264 Herculem
584 2222 795 2264 induerat.
857 2222 1035 2264 risimus
1067 2228 1105 2264 et
1135 2221 1374 2264 meridiani
1405 2222 1500 2264 ludi
1530 2223 1580 2264 de
1611 2223 1702 2264 deis
1731 2223 1885 2271 lusum,

256 2312 301 2343 30
322 2291 432 2346 quod
454 2291 573 2333 Ditis
588 2297 729 2346 pater,
746 2291 871 2332 Iouis
881 2291 1044 2347 frater,
1058 2291 1357 2346 yladiatorum
1380 2292 1600 2346 eoesequias
1617 2307 1711 2333 cum
1729 2292 1885 2334 malleo

322 2361 501 2410 deducit,
524 2376 603 2416 quo
633 2361 888 2410 BIercurius,
909 2361 957 2402 in
989 2361 1166 2403 caluitio
1190 2361 1465 2416 pennatulus,
1487 2362 1534 2401 in
1564 2361 1742 2403 caduceo
1771 2362 1884 2416 iyni-

323 2431 446 2481 tulus,
479 2447 660 2487 corpora
688 2432 936 2473 e.‘15aninzata
969 2433 1059 2473 iam
1091 2439 1322 2474 ‘mortemue
1357 2432 1613 2473 simulantia
1644 2447 1663 2474 e
1695 2433 1884 2474 canterio

317 2502 483 2556 probat.
547 2502 772 2558 Theophil.
798 2514 811 2542 Ι
836 2504 871 2544 9.
918 2506 1031 2544 1118.
1076 2502 1236 2545 Minue.
1269 2504 1318 2543 21
1352 2501 1371 2558 ξ
1402 2505 1451 2543 11
1486 2502 1671 2551 Holdcn,
1703 2502 1834 2544 Keiln
1859 2501 1881 2543 7

323 2586 362 2613 n.
395 2573 430 2613 2.
495 2572 607 2628 Aug.
643 2572 709 2613 De
745 2571 840 2615 Ciu.
878 2573 960 2614 Dei
994 2584 1044 2613 VI
1081 2572 1103 2614 7
1135 2574 1169 2626 (Ι
1207 2575 1291 2615 260
1323 2576 1349 2614 3
1382 2574 1466 2627 D.).
1529 2573 1688 2615 Arnob.
1724 2575 1811 2616 V.6
1846 2572 1883 2614 7.

258 2657 302 2689 35
324 2639 481 2680 Tatian
512 2643 537 2681 8
570 2656 608 2696 p.
642 2641 752 2683 147⁰.
817 2641 1115 2683 Rationalised
1147 2641 1351 2697 Porphyr.
1383 2641 1428 2682 in
1452 2641 1606 2683 Euseb.
1632 2641 1780 2697 Praep.
1805 2642 1884 2683 Eu.

324 2720 376 2749 111
419 2712 468 2749 11
508 2708 547 2765 ἐξ
586 2712 638 2750 12
680 2713 731 2752 15
767 2710 853 2751 and
888 2710 934 2751 in
967 2711 1080 2766 Aug.
1120 2709 1214 2752 Ciu.
1252 2710 1337 2752 Dei
1379 2721 1448 2751 VH
1493 2712 1556 2751 25.
1639 2709 1883 2752 Mommsen

324 2779 568 2821 Strafrecht
601 2782 682 2821 927
718 2796 756 2822 n.
791 2784 826 2824 6.

412 2865 449 2905 p.
495 2852 549 2891 50
592 2851 615 2891 l.
656 2850 707 2892 27
748 2863 1001 2893 HERCVLEM
1044 2852 1204 2894 Arnob.
1239 2863 1253 2892 1
1293 2854 1347 2893 36
1386 2867 1423 2908 p.
1460 2853 1526 2900 54,
1564 2851 1682 2893 Hild.
1722 2862 1789 2891 vn
1825 2852 1882 2893 33
