1975 3306
251 129 336 169 336
829 120 1238 163 TERTVLLIANI
1520 120 1581 173 [p.
1606 119 1661 160 90
1683 117 1709 159 l.
1740 120 1818 157 l—

252 242 427 297 impulit
478 255 584 283 aera
643 238 909 294 Vestalesque
965 252 1099 278 urnas
1157 242 1195 278 et
1249 235 1431 277 Tuscum
1483 234 1618 290 fictile
1669 238 1817 274 mutat.

254 311 502 367 Schwegler
543 322 558 351 Ι
602 311 697 351 541.
752 309 865 350 Plut.
909 307 1042 349 Num.
1086 308 1112 347 8
1155 305 1242 360 (his
1284 304 1509 361 offerings)
1551 302 1818 356 ἀναίμακτοι

254 382 369 435 ἦσαν
404 381 451 424 αἱ
486 378 672 427 πολλαί,
708 379 762 422 δι’
800 376 997 434 ἀλφίτου
1035 377 1109 419 καὶ
1146 375 1345 430 σπονδῆς
1383 375 1457 418 καὶ
1491 376 1578 416 τῶν
1616 373 1816 416 εὐτελεσ-

255 452 402 495 τάτων
445 449 752 502 πεποιημέναι.
820 449 917 490 qu.
962 450 987 490 6
1030 449 1202 489 342—5
1246 452 1285 488 et
1326 446 1421 501 quis
1462 451 1558 487 tunc
1600 444 1818 486 hominum

214 541 233 572 5
255 528 512 578 contemptor
565 521 787 563 numinis?
867 525 943 561 aut
998 519 1093 574 quis
1144 518 1409 574 sz‘mpuuium
1457 516 1598 558 ridere
1647 515 1819 557 Numae

257 595 509 650 niyrumque
532 592 721 634 catinam
742 597 779 633 et
808 590 1016 632 Vaticano
1036 588 1229 645 frayz'les
1250 586 1301 629 oZe
1323 593 1458 629 monte
1480 586 1669 642 patellas
1691 600 1821 627 ausus

256 665 380 707 erat?
443 666 493 704 11
522 664 617 705 109,
644 664 737 704 116.
782 659 1131 702 Preller-Jordan
1154 671 1169 699 Ι
1195 660 1289 700 129.

345 749 384 790 p.
418 735 474 776 90
506 733 530 774 l.
565 734 590 774 3
623 742 869 773 TVSCORVM
902 730 969 771 De
1003 728 1198 785 Spectac.
1230 731 1254 770 5
1282 742 1320 784 p.
1345 729 1369 769 6
1394 727 1417 768 l.
1450 729 1502 768 25
1528 726 1653 768 Wiss.
1686 726 1822 781 iyitur

257 805 303 847 in
328 804 516 847 Etruria
544 804 655 845 inter
683 808 836 845 ceteros
865 801 975 843 ritus
1003 799 1351 856 superstitionum
1378 812 1557 840 suarum
1581 796 1822 852 spectacula

196 895 238 918 10
258 890 416 932 quoque
452 873 674 929 reliyionis
717 872 884 914 nomine
919 870 1156 912 instituunt.
1230 868 1329 909 inde
1371 867 1561 909 Romani
1603 867 1823 909 arcessitos

259 947 443 1003 artifices
485 950 749 993 mutuantur,
792 949 965 997 tempus,
1008 940 1348 988 enuntiationem,
1391 945 1437 980 ut
1486 938 1578 979 ludi
1619 953 1646 979 a
1687 936 1824 991 Lydis

259 1022 524 1059 uocarentur.
587 1014 681 1056 Liu.
712 1026 742 1054 V
779 1016 800 1054 1
834 1011 900 1070 §6
927 1012 995 1067 (of
1017 1011 1093 1053 the
1123 1010 1379 1061 Etruscans)
1402 1014 1659 1064 9ens...ante
1685 1022 1824 1049 omnes

260 1088 375 1129 alias
405 1102 449 1129 eo
481 1086 622 1141 mayis
653 1084 800 1126 dedita
833 1081 1121 1138 retz'ffl‘onibus,
1152 1080 1262 1136 quod
1293 1079 1505 1122 eoecelleret
1538 1084 1629 1120 arte
1661 1077 1826 1119 colendi

259 1172 341 1199 eus.
405 1156 514 1197 Plin.
540 1155 654 1196 Hist.
685 1153 788 1195 Nat.
821 1164 975 1194 XXXIV
1004 1167 1036 1193 c.
1062 1152 1084 1193 7
1108 1149 1128 1208 ξ
1149 1152 1205 1193 34
1236 1150 1362 1205 siyna
1394 1163 1555 1205 quoque
1590 1147 1824 1190 Tuscanica

197 1243 238 1275 15
254 1242 336 1283 per
376 1233 514 1268 terras
555 1225 764 1280 dispersa,
806 1223 907 1279 (Jza'n
948 1222 994 1262 in
1039 1221 1225 1263 Etruria
1264 1219 1477 1275 factitata
1518 1218 1603 1259 sint
1643 1232 1725 1259 non
1767 1222 1826 1259 est

260 1297 447 1340 dubium.

349 1383 387 1424 p.
422 1368 477 1409 90
510 1367 534 1408 l.
569 1369 592 1407 5
626 1377 684 1407 OB
718 1376 809 1406 HOC
840 1370 918 1405 nob
949 1362 1187 1419 ante-Aug.
1226 1361 1319 1402 Liu.
1360 1361 1458 1402 Sen.
1498 1359 1665 1402 Colum.
1701 1357 1823 1399 Suet.

261 1439 373 1495 Aug.
398 1439 464 1479 94.
498 1437 622 1478 Dom.
649 1435 713 1477 17.
747 1451 806 1492 gr.
831 1437 867 1476 3.
894 1436 946 1476 16
970 1434 1078 1486 (also
1101 1432 1148 1475 ob
1171 1433 1230 1481 id,
1252 1447 1313 1482 eu,
1336 1431 1447 1480 haec,
1470 1431 1606 1486 (luae).

348 1523 386 1564 p.
422 1509 477 1549 90
509 1507 533 1548 1.
569 1510 592 1549 6
626 1515 1033 1546 INRELIGIOSITATE
1066 1502 1178 1557 [The
1211 1501 1325 1543 word
1355 1517 1387 1543 c.
1420 1503 1475 1542 24
1504 1515 1542 1556 p.
1567 1503 1621 1540 84
1646 1500 1669 1541 l.
1696 1500 1761 1548 12,
1784 1513 1823 1539 n.

196 1578 285 1620 201.
320 1580 386 1620 28.
435 1577 558 1631 A.S.]
595 1577 645 1618 cf.
679 1575 839 1616 Minue.
875 1577 928 1616 25
966 1574 1195 1629 impiatum
1235 1578 1314 1614 cet.
1367 1571 1525 1613 lustin.
1559 1570 1681 1626 Apol.
1718 1581 1733 1610 Ι
1770 1570 1824 1610 12

262 1664 300 1705 p.
327 1646 426 1690 590‘1.
489 1646 602 1688 Dial.
626 1661 657 1687 c.
681 1645 841 1702 Tryph.
867 1646 920 1685 14
942 1660 981 1700 p.
1006 1642 1120 1685 213‘1.

351 1734 390 1775 p.
415 1720 470 1760 90
500 1718 523 1759 l.
550 1718 572 1759 7
607 1728 656 1758 NI
692 1727 869 1757 FALLOR
899 1721 977 1756 cet.
1021 1714 1075 1755 ad
1107 1719 1194 1755 nat.
1226 1725 1262 1754 11
1294 1712 1344 1754 17
1379 1728 1417 1769 p.
1450 1714 1532 1753 132
1565 1712 1588 1752 l.
1622 1713 1674 1752 16
1700 1709 1824 1751 Wiss.

263 1789 349 1831 'nisi
374 1788 522 1845 fallor
558 1787 681 1836 enim,
720 1801 839 1828 omne
880 1800 1058 1840 reynum
1094 1783 1326 1839 imperium
1363 1782 1481 1824 bellis
1518 1781 1751 1837 quaeritur,
1789 1786 1826 1822 et

265 1859 386 1901 bellis
408 1858 659 1913 ampliatur.
716 1871 851 1911 porro
878 1854 1110 1897 laeduntur
1132 1853 1362 1895 uictoribus
1383 1858 1420 1894 et
1442 1851 1512 1894 olei
1536 1851 1659 1893 urbis.
1723 1866 1826 1892 nam

201 1950 244 1982 25
264 1929 411 1971 eadem
439 1935 603 1983 struyes
632 1934 669 1969 et
698 1927 910 1969 moenium
938 1932 975 1968 et
1004 1926 1269 1981 temptorum.
1286 1939 1418 1979 pares
1440 1923 1585 1966 caedes
1605 1928 1642 1964 et
1666 1922 1826 1965 ciuium

266 2006 303 2042 et
338 1999 616 2047 sacerdotum,
650 1998 819 2040 eaedem
855 1997 1037 2052 rapinae
1073 1996 1360 2052 profanorum
1396 2000 1433 2036 et
1468 2009 1701 2036 sacrorum.
1768 1998 1826 2034 tot

264 2069 777 2125 sacrileyz'u...trimnplul
843 2072 1015 2109 manent
1051 2073 1088 2108 et
1124 2065 1361 2107 simulacra
1394 2065 1578 2120 captiua.
1642 2063 1736 2104 infr.
1770 2064 1826 2103 40

265 2155 304 2196 p.
339 2142 422 2181 118
455 2139 480 2180 1.
514 2142 550 2180 s.

354 2224 393 2265 p.
421 2210 476 2250 90
510 2208 533 2249 l.
565 2210 601 2249 9.
664 2206 722 2248 So
750 2206 980 2247 Marcellus
1013 2206 1120 2246 from
1155 2204 1378 2261 Syracuse,
1406 2203 1519 2245 Plut.
1547 2202 1735 2243 Marcell.
1760 2203 1825 2243 21.

203 2296 248 2328 30
268 2279 363 2320 Liu.
388 2289 487 2319 XXV
511 2279 566 2318 40
588 2275 626 2333 ἐξ
652 2280 684 2318 l.
710 2278 745 2317 2.

356 2364 394 2404 p.
420 2350 474 2389 90
497 2347 520 2388 l.
547 2349 599 2387 13
630 2357 690 2387 DE
714 2357 788 2387 DIS
809 2361 854 2387 so
877 2345 952 2387 the
978 2345 1079 2386 verb
1102 2346 1220 2386 often
1244 2358 1319 2399 eg.
1343 2343 1471 2399 Apul.
1495 2343 1671 2384 Metam.
1697 2353 1746 2382 XI
1773 2343 1824 2382 15

268 2419 319 2461 de
339 2433 418 2460 sua
439 2416 637 2473 fortuna.

358 2504 396 2544 p.
431 2489 486 2529 90
519 2487 544 2528 l.
579 2488 631 2527 15
665 2496 964 2526 CAPTIVORVM
1004 2486 1057 2526 10
1090 2500 1125 2530 a,
1159 2499 1212 2525 m.
1250 2499 1358 2526 nunc
1394 2498 1489 2539 erqo
1525 2497 1607 2538 per
1639 2481 1828 2537 sinyulos

270 2559 498 2601 decurram
521 2563 577 2599 tot
599 2562 636 2598 et
659 2562 806 2605 tantos,
828 2571 956 2598 nouos
979 2561 1146 2604 ueteres,
1169 2554 1372 2596 barbaros
1396 2554 1588 2602 Graecos,
1610 2552 1828 2594 Romanos

205 2642 250 2674 35
267 2626 525 2682 pe1·e97·i=11os‚
547 2625 739 2680 captiuos
761 2625 994 2679 adoptiuos.

358 2705 612 2736 SVSTINENT
655 2697 680 2735 8
721 2695 792 2736 fin.
835 2701 943 2736 certe
988 2700 1137 2749 postea
1180 2698 1426 2748 cognoscunt
1467 2698 1504 2734 et
1544 2692 1749 2734 sustinent
1790 2695 1827 2732 et

270 2765 500 2820 ignoscunt.
562 2779 594 2805 c.
630 2766 682 2804 15
716 2778 754 2819 p.
789 2765 843 2804 50
876 2763 899 2804 l.
936 2766 999 2805 16.

361 2850 398 2890 p.
433 2834 544 2877 901.
579 2836 632 2875 16
666 2845 899 2875 IMPERIVM
947 2844 1053 2875 snm
1101 2844 1210 2874 FINE
1258 2833 1384 2889 Verg.
1433 2832 1540 2873 Aen.
1589 2843 1604 2872 1
1655 2829 1825 2872 278—9
