1975 3306
300 106 378 145 160
873 102 1281 144 TERTVLLIANI
1572 105 1630 159 [p.
1659 106 1709 145 10
1732 104 1759 146 l.
1783 105 1867 145 8—

295 219 493 274 ρήμα.τος
517 217 733 277 ὁμολογίᾳ
754 218 1138 275 λαμπρυνόμεινος.
1203 219 1302 260 Eus.
1328 225 1453 261 mart.
1474 219 1560 260 Pal.
1579 222 1605 261 3
1627 217 1647 275 ξ
1668 222 1706 261 3.
1768 225 1867 261 acta

297 288 456 330 Felicis
477 288 551 341 (ad
573 288 673 329 calc.
697 287 867 344 Optati,
890 287 954 329 ed.
972 288 1044 329 Du
1070 287 1162 335 Pin,
1183 288 1275 329 Par.
1297 288 1430 341 1702)
1453 303 1491 344 p.
1516 290 1594 329 147
1615 288 1690 329 col.
1711 291 1731 328 1
1754 288 1866 330 med.

297 361 367 402 cai
403 360 627 401 Analinus
661 360 893 414 proconsul
934 359 1045 400 dia-it
1084 359 1220 414 ‘quod
1263 358 1340 400 tibi
1381 373 1527 400 nomen
1567 359 1677 400 est?
1740 358 1867 400 Felz'oe

296 430 516 485 episcopus
537 429 650 471 clarit
673 428 1032 471 ‘Christianus
1062 444 1116 470 su
1126 429 1194 470 m.'
1255 429 1479 470 Anulinus
1501 429 1731 483 proconsul
1754 428 1866 470 dim

254 518 273 547 5
296 506 401 542 ‘non
451 507 488 542 te
537 499 588 541 de
632 499 830 541 uocabulo
879 500 1075 554 quaesiui
1116 499 1410 555 professionis,
1451 500 1524 541 sed
1560 505 1867 555 percunctatus

293 586 387 612 sum
420 585 500 625 qao
532 570 701 611 nomine
736 569 1016 624 nuncuperis)
1078 569 1203 610 Felioe
1234 570 1453 624 episeopus
1482 569 1594 610 dia’z't
1623 570 1754 611 ‘sieut
1787 569 1867 610 tibi

294 642 385 682 iam
417 641 521 690 clim,
553 641 628 682 hoo
658 655 765 682 narn:
796 646 834 681 et
862 641 1019 682 ‘iterum
1049 640 1154 689 dieo,
1188 641 1288 695 qaia
1325 638 1657 681 Christianus
1688 655 1794 681 sum
1826 646 1864 681 et

295 711 537 767 episcopus]
601 710 664 753 Cf.
697 716 796 752 acta
831 710 1062 752 Saturnini
1096 716 1176 751 eet.
1205 725 1237 751 c.
1269 713 1293 750 4
1322 725 1407 765 seq.
1441 709 1564 764 (ibid.
1597 725 1636 766 p.
1671 713 1751 752 151
1786 711 1862 751 col.

298 784 322 822 2
346 782 370 823 f.
394 787 500 837 seq.)
534 781 664 823 often.
727 786 825 822 acta
860 780 992 837 Eupli
1022 782 1080 836 (p.
1114 782 1200 821 438
1232 779 1452 833 Ruinart).
1515 780 1690 821 Lucifer
1724 780 1866 823 Calar.

233 871 275 892 10
297 851 570 893 moriendum
608 866 699 893 esse
736 866 813 907 pro
845 851 930 892 Dei
960 851 1050 892 filio
1084 853 1108 892 2
1142 853 1200 907 (p.
1236 851 1318 893 287
1353 853 1406 892 12
1441 851 1618 905 Hartel)
1652 852 1864 893 cernimus

298 937 383 963 ana
411 922 489 964 hae
521 936 619 963 uoce
640 921 844 976 reliyz'osa
875 926 883 940 ‘
901 920 1237 963 Christianus
1269 936 1393 970 sum,
1423 921 1519 962 volo
1547 935 1633 963 esse
1664 927 1710 962 ut
1738 927 1784 962 ta
1811 936 1865 970 es,

297 992 578 1041 Constantius,
597 998 793 1048 apostata
805 991 813 1005 '
831 1005 950 1033 omne
968 991 1129 1033 crimen
1146 991 1328 1033 excludi.
1341 1025 1348 1032 .
1361 997 1413 1033 ,et
1429 997 1475 1032 ta
1491 991 1635 1046 inquis
1657 997 1665 1011 ‘
1677 996 1862 1047 negate

294 1079 381 1105 uos
415 1063 768 1106 Christianos.'
835 1062 984 1104 Victor
1011 1062 1179 1104 Vitens.
1211 1074 1265 1104 ΙΙΙ
1292 1061 1312 1119 ξ
1334 1065 1389 1105 50
1411 1063 1515 1116 (=V
1542 1064 1614 1115 14)
1645 1061 1866 1118 infantulo

293 1135 553 1176 clamante
601 1139 646 1175 ut
690 1138 892 1189 poterat:
943 1131 1302 1175 ‘Christianus
1354 1148 1479 1182 sum,
1532 1131 1866 1174 Christianus

232 1221 272 1250 15
294 1220 420 1254 Sum,
450 1221 529 1260 per
550 1211 745 1247 sanctum
766 1204 1030 1259 Stephanum
1054 1203 1385 1246 Christianus
1408 1202 1539 1244 sum.'
1598 1202 1740 1243 Rufin.
1765 1202 1804 1243 h.
1828 1217 1865 1244 e.

295 1288 363 1317 vii
389 1278 441 1317 12
464 1292 502 1332 p.
526 1277 623 1317 415.
646 1286 736 1316 V111
760 1278 785 1317 3
808 1290 846 1331 p.
870 1274 968 1316 467.

381 1362 419 1402 p.
465 1348 519 1387 10
562 1345 586 1387 l.
632 1347 656 1387 9
701 1356 946 1386 VERITATIS
994 1356 1374 1394 EXTORQVENDAE
1421 1355 1674 1386 PRAESIDES
1715 1344 1864 1399 (Kaye

293 1432 333 1473 p.
357 1418 432 1470 48)
456 1427 516 1457 DE
546 1427 684 1456 NOBIS
714 1426 839 1456 sons
868 1426 1155 1456 MENDACIVM
1185 1426 1472 1456 ELABORATIS
1495 1425 1673 1455 AVDIRE
1699 1413 1864 1455 Minue.

295 1490 350 1529 28
382 1486 401 1543 ξ
435 1489 460 1529 3
498 1502 572 1528 nos
605 1485 718 1527 <i.e.
754 1485 884 1527 while
920 1492 997 1542 yet
1029 1486 1295 1528 heathens>
1333 1492 1474 1527 tamen
1508 1500 1603 1527 cum
1633 1485 1864 1540 sacrileyos

229 1575 273 1595 20
296 1558 465 1613 aliquos
507 1562 545 1598 et
586 1556 776 1605 incestos,
812 1556 1070 1610 parricidas
1110 1556 1241 1598 etiam
1283 1555 1567 1610 defendendos
1608 1561 1647 1597 et
1688 1554 1865 1596 tuendos

293 1626 637 1682 suscipiebamus,
661 1626 734 1667 hos
764 1640 835 1667 nec
864 1626 1102 1667 audiendos
1126 1626 1173 1666 in
1202 1631 1334 1667 totam
1360 1624 1634 1680 putabamus,
1658 1640 1862 1666 nonnam-

294 1712 426 1752 qaam
457 1697 588 1738 etiam
623 1696 877 1738 miserantes
908 1711 1053 1737 eorum
1088 1696 1304 1738 crudelius
1334 1695 1639 1744 saeuiebamas,
1673 1701 1728 1736 ut
1766 1701 1862 1736 tor-

292 1781 562 1823 queremus
594 1766 902 1807 confitentes
934 1765 994 1806 ad
1025 1765 1330 1822 negandum,
1353 1765 1551 1807 uidelicet
1579 1780 1629 1807 ne
1654 1765 1864 1820 perirent,

293 1843 525 1879 emercentes
561 1837 607 1878 in
645 1836 711 1877 his
747 1851 1005 1891 peruersam
1046 1835 1333 1891 quaestionem
1376 1850 1472 1876 non
1515 1850 1641 1890 quae
1684 1850 1859 1877 uerum

227 1922 270 1952 25
293 1913 514 1955 erueret,
550 1907 636 1948 sed
671 1921 800 1962 quae
837 1906 1157 1948 mendacium
1195 1912 1411 1962 cogeret.
1463 1905 1615 1947 Justin
1652 1905 1768 1947 cited
1804 1921 1858 1947 on

291 1993 331 2034 p.
366 1980 390 2019 6
424 1979 448 2020 l.
484 1980 550 2020 19.

380 2064 419 2104 p.
445 2050 498 2090 10
522 2048 545 2089 l.
572 2050 627 2088 14
659 2059 720 2089 NE
751 2059 845 2097 QVA
875 2059 950 2089 Vis
980 2059 1158 2089 LATEAT
1188 2059 1237 2088 IN
1260 2059 1468 2089 OCCVLTO
1498 2048 1574 2089 the
1598 2047 1695 2089 Evil
1719 2047 1860 2105 Spirit

290 2119 386 2160 infr.
421 2133 459 2174 p.
493 2119 545 2158 12
580 2117 604 2158 l.
640 2116 662 2158 7
697 2117 914 2172 quaedam
945 2118 1060 2159 ratio
1092 2118 1287 2159 aemulae
1318 2117 1588 2173 operationis.
1651 2117 1700 2158 cf.
1728 2132 1760 2158 c.
1793 2119 1861 2159 22.

293 2188 344 2230 27
384 2203 422 2244 p.
460 2190 514 2229 92
553 2187 576 2229 l.
613 2188 664 2228 17
704 2187 779 2229 ille
819 2187 980 2229 scilicet
1015 2187 1196 2242 spiritus
1232 2187 1536 2228 daemoniacae
1571 2192 1609 2228 et
1642 2187 1863 2241 anyelz'cae

227 2275 270 2305 30
286 2265 540 2314 paraturae,
567 2258 641 2313 qui
675 2264 811 2300 noster
839 2258 885 2300 ob
918 2259 1155 2300 diuortimn
1188 2258 1382 2299 aemulus
1408 2264 1446 2300 et
1479 2257 1526 2299 ob
1554 2257 1637 2299 Dei
1663 2258 1858 2312 qratiam,

296 2329 471 2370 [auidus
503 2328 554 2369 de
591 2329 798 2369 mentibus
834 2328 990 2369 uestris
1025 2327 1234 2369 aduersus
1267 2343 1342 2369 vnos
1378 2328 1625 2383 proeliatur
1661 2327 1860 2369 occulta

293 2398 637 2454 inspiratione
668 2398 908 2439 modulatis.
941 2413 974 2439 c.
1004 2400 1071 2439 32.
1135 2397 1293 2439 Iustin.
1325 2398 1433 2453 apol.
1463 2409 1477 2437 Ι
1508 2400 1543 2438 5.

380 2484 419 2524 p.
474 2470 526 2509 10
580 2468 602 2509 l.
655 2470 707 2509 15
761 2479 886 2516 QVAE
928 2480 1015 2509 vos
1062 2479 1305 2509 ADVERSVS
1348 2478 1856 2509 F‹T›RM.2³M...IVDICAND1

292 2549 475 2579 CONTRA
512 2549 638 2579 IPSAS
673 2549 860 2586 QVOQVE
896 2549 1038 2579 LEGES
1076 2546 1326 2579 MINISTRET
1360 2539 1409 2579 cf.
1439 2553 1471 2579 c.
1504 2540 1554 2578 21
1591 2553 1629 2594 p.
1661 2537 1715 2578 70
1748 2538 1770 2578 l.
1802 2536 1857 2578 27

227 2621 269 2652 35
292 2607 495 2648 elementa
518 2607 616 2662 ipsa
639 2607 929 2649 famularet.
982 2607 1035 2649 de
1058 2623 1184 2649 carne
1208 2607 1375 2650 Christi
1402 2610 1453 2648 12
1472 2608 1527 2659 (11
1550 2623 1588 2663 p.
1611 2608 1694 2648 447
1716 2607 1740 2649 l.
1758 2607 1860 2661 ult.)

290 2677 382 2718 Sine
404 2692 487 2731 (saa
511 2677 664 2718 notitia
685 2677 755 2717 sai
776 2677 901 2719 wella
924 2679 1074 2719 (mima
1096 2693 1146 2719 se
1171 2677 1466 2720 ministrare
1486 2677 1699 2732 potuisset.
1763 2677 1858 2718 The

292 2747 416 2788 usual
446 2761 570 2788 sense
594 2748 641 2787 of
667 2747 866 2789 ministro
889 2749 1039 2800 (uiros,
1060 2748 1177 2789 uires
1205 2748 1485 2802 animamque
1506 2748 1606 2799 cet.)
1633 2761 1732 2802 may
1755 2745 1856 2787 hold

290 2817 416 2858 here:
450 2817 659 2858 ‘without
689 2817 1045 2875 sels-knowledge
1076 2833 1130 2859 no
1159 2817 1253 2859 sou]
1276 2817 1401 2858 could
1434 2816 1541 2857 have
1564 2816 1773 2858 rendered
1797 2816 1858 2858 its
