<?xml version="1.0" encoding="UTF-8"?>
<!DOCTYPE html PUBLIC "-//W3C//DTD XHTML 1.0 Transitional//EN"
    "http://www.w3.org/TR/xhtml1/DTD/xhtml1-transitional.dtd">
<html xmlns="http://www.w3.org/1999/xhtml" xml:lang="en" lang="en">
 <head>
  <title>
</title>
<meta http-equiv="Content-Type" content="text/html;charset=utf-8" />
  <meta name='ocr-system' content='tesseract 3.04.00' />
  <meta name='ocr-capabilities' content='ocr_page ocr_carea ocr_par ocr_line ocrx_word'/>
</head>
<body>
  <div class='ocr_page' id='page_1' title='image "./qseptimiflorenti00tert_0449.png"; bbox 0 0 1975 3306; ppageno 0'>
   <div class='ocr_carea' id='block_1_1' title="bbox 113 167 1684 229">
    <p class='ocr_par' dir='ltr' id='par_1_1' title="bbox 113 167 1684 229">
     <span class='ocr_line' id='line_1_1' title="bbox 113 167 1684 229; baseline -0.004 -16"><span class='ocrx_word' id='word_1_1' title='bbox 113 187 154 229; x_wconf 78' lang='lat' dir='ltr'><em>p.</em></span> <span class='ocrx_word' id='word_1_2' title='bbox 186 172 316 214; x_wconf 86' lang='lat'>1241.</span> <span class='ocrx_word' id='word_1_3' title='bbox 346 171 417 224; x_wconf 87' lang='lat'><em>16]</em></span> <span class='ocrx_word' id='word_1_4' title='bbox 582 169 1027 213; x_wconf 75' lang='lat' dir='ltr'><em>APOLOGETlcvs</em></span> <span class='ocrx_word' id='word_1_5' title='bbox 1061 171 1130 221; x_wconf 85' lang='lat'><em>43,</em></span> <span class='ocrx_word' id='word_1_6' title='bbox 1165 171 1221 210; x_wconf 89' lang='lat'>44</span> <span class='ocrx_word' id='word_1_7' title='bbox 1598 167 1684 207; x_wconf 84' lang='lat'>425</span> 
     </span>
    </p>
   </div>
   <div class='ocr_carea' id='block_1_2' title="bbox 109 279 1759 2927">
    <p class='ocr_par' dir='ltr' id='par_1_2' title="bbox 109 279 1684 396">
     <span class='ocr_line' id='line_1_2' title="bbox 109 279 1684 339; baseline -0.003 -14"><span class='ocrx_word' id='word_1_8' title='bbox 109 283 342 339; x_wconf 78' lang='lat' dir='ltr'><em>profectus,</em></span> <span class='ocrx_word' id='word_1_9' title='bbox 374 284 469 338; x_wconf 79' lang='lat' dir='ltr'><em>ipsa</em></span> <span class='ocrx_word' id='word_1_10' title='bbox 504 283 687 338; x_wconf 66' lang='lat' dir='ltr'><em>eroyari,</em></span> <span class='ocrx_word' id='word_1_11' title='bbox 720 297 828 338; x_wconf 78' lang='lat' dir='ltr'><em>qnae</em></span> <span class='ocrx_word' id='word_1_12' title='bbox 860 282 973 324; x_wconf 83' lang='lat' dir='ltr'><em>lucri</em></span> <span class='ocrx_word' id='word_1_13' title='bbox 995 282 1121 337; x_wconf 79' lang='lat' dir='ltr'><em>fiant,</em></span> <span class='ocrx_word' id='word_1_14' title='bbox 1152 280 1295 323; x_wconf 84' lang='lat' dir='ltr'><em>eadem</em></span> <span class='ocrx_word' id='word_1_15' title='bbox 1324 279 1480 336; x_wconf 84' lang='lat' dir='ltr'><em>pretia,</em></span> <span class='ocrx_word' id='word_1_16' title='bbox 1508 294 1615 334; x_wconf 76' lang='lat' dir='ltr'><em>quae</em></span> <span class='ocrx_word' id='word_1_17' title='bbox 1647 284 1684 320; x_wconf 90' lang='lat' dir='ltr'><em>et</em></span> 
     </span>
     <span class='ocr_line' id='line_1_3' title="bbox 121 369 282 396; baseline 0.006 -1"><span class='ocrx_word' id='word_1_18' title='bbox 121 369 282 396; x_wconf 78' lang='lat' dir='ltr'><em>merces.</em></span> 
     </span>
    </p>

    <p class='ocr_par' dir='ltr' id='par_1_3' title="bbox 114 420 1723 689">
     <span class='ocr_line' id='line_1_4' title="bbox 210 420 1683 478; baseline -0.004 -13"><span class='ocrx_word' id='word_1_19' title='bbox 210 435 501 465; x_wconf 79' lang='lat' dir='ltr'>INNOCENTES</span> <span class='ocrx_word' id='word_1_20' title='bbox 550 422 620 463; x_wconf 87' lang='lat' dir='ltr'><em>Ad</em></span> <span class='ocrx_word' id='word_1_21' title='bbox 664 422 789 478; x_wconf 73' lang='lat' dir='ltr'><em>Scap.</em></span> <span class='ocrx_word' id='word_1_22' title='bbox 832 424 858 463; x_wconf 79' lang='lat'>4</span> <span class='ocrx_word' id='word_1_23' title='bbox 901 422 971 464; x_wconf 89' lang='lat' dir='ltr'><em>fin.</em></span> <span class='ocrx_word' id='word_1_24' title='bbox 1018 437 1099 477; x_wconf 81' lang='lat' dir='ltr'><em>pro</em></span> <span class='ocrx_word' id='word_1_25' title='bbox 1142 427 1262 463; x_wconf 83' lang='lat' dir='ltr'><em>tanta</em></span> <span class='ocrx_word' id='word_1_26' title='bbox 1311 420 1562 469; x_wconf 82' lang='lat' dir='ltr'><em>innocentia,</em></span> <span class='ocrx_word' id='word_1_27' title='bbox 1599 434 1683 474; x_wconf 86' lang='lat' dir='ltr'><em>pro</em></span> 
     </span>
     <span class='ocr_line' id='line_1_5' title="bbox 117 489 1683 548; baseline -0.004 -13"><span class='ocrx_word' id='word_1_28' title='bbox 117 500 242 535; x_wconf 84' lang='lat' dir='ltr'><em>tanta</em></span> <span class='ocrx_word' id='word_1_29' title='bbox 293 493 517 548; x_wconf 75' lang='lat' dir='ltr'><em>probitate,</em></span> <span class='ocrx_word' id='word_1_30' title='bbox 564 508 648 548; x_wconf 88' lang='lat' dir='ltr'><em>pro</em></span> <span class='ocrx_word' id='word_1_31' title='bbox 698 492 879 541; x_wconf 82' lang='lat' dir='ltr'><em>iustitia,</em></span> <span class='ocrx_word' id='word_1_32' title='bbox 924 507 1008 548; x_wconf 83' lang='lat' dir='ltr'><em>pro</em></span> <span class='ocrx_word' id='word_1_33' title='bbox 1052 491 1283 547; x_wconf 72' lang='lat' dir='ltr'><em>pudicitia,</em></span> <span class='ocrx_word' id='word_1_34' title='bbox 1330 505 1408 545; x_wconf 85' lang='lat' dir='ltr'><em>pro</em></span> <span class='ocrx_word' id='word_1_35' title='bbox 1451 489 1554 545; x_wconf 77' lang='lat' dir='ltr'><em>fide,</em></span> <span class='ocrx_word' id='word_1_36' title='bbox 1603 504 1683 544; x_wconf 85' lang='lat' dir='ltr'><em>pro</em></span> 
     </span>
     <span class='ocr_line' id='line_1_6' title="bbox 120 560 1723 618; baseline -0.004 -13"><span class='ocrx_word' id='word_1_37' title='bbox 120 564 313 612; x_wconf 79' lang='lat' dir='ltr'><em>ueritate,</em></span> <span class='ocrx_word' id='word_1_38' title='bbox 329 578 412 618; x_wconf 87' lang='lat' dir='ltr'><em>pro</em></span> <span class='ocrx_word' id='word_1_39' title='bbox 446 563 521 604; x_wconf 88' lang='lat' dir='ltr'><em>deo</em></span> <span class='ocrx_word' id='word_1_40' title='bbox 553 563 655 604; x_wconf 81' lang='lat' dir='ltr'><em>uiuo</em></span> <span class='ocrx_word' id='word_1_41' title='bbox 689 562 1078 617; x_wconf 76' lang='lat' dir='ltr'><em>crema1nur‚quod</em></span> <span class='ocrx_word' id='word_1_42' title='bbox 1109 576 1181 603; x_wconf 88' lang='lat' dir='ltr'><em>nec</em></span> <span class='ocrx_word' id='word_1_43' title='bbox 1212 560 1414 616; x_wconf 60' lang='lat' dir='ltr'><em>sacrilegi</em></span> <span class='ocrx_word' id='word_1_44' title='bbox 1444 575 1516 602; x_wconf 88' lang='lat' dir='ltr'><em>nec</em></span> <span class='ocrx_word' id='word_1_45' title='bbox 1548 560 1681 601; x_wconf 77' lang='lat' dir='ltr'><em>hostes</em></span> <span class='ocrx_word' id='word_1_46' title='bbox 1705 579 1723 609; x_wconf 83' lang='lat'><strong>5</strong></span> 
     </span>
     <span class='ocr_line' id='line_1_7' title="bbox 114 633 1261 689; baseline 0 -16"><span class='ocrx_word' id='word_1_47' title='bbox 114 633 282 689; x_wconf 79' lang='lat' dir='ltr'><em>publici</em></span> <span class='ocrx_word' id='word_1_48' title='bbox 313 634 407 675; x_wconf 80' lang='lat' dir='ltr'><em>ueri</em></span> <span class='ocrx_word' id='word_1_49' title='bbox 440 648 511 675; x_wconf 87' lang='lat' dir='ltr'><em>nec</em></span> <span class='ocrx_word' id='word_1_50' title='bbox 542 639 599 675; x_wconf 90' lang='lat' dir='ltr'><em>tot</em></span> <span class='ocrx_word' id='word_1_51' title='bbox 631 634 869 674; x_wconf 78' lang='lat' dir='ltr'><em>maiestatis</em></span> <span class='ocrx_word' id='word_1_52' title='bbox 903 634 963 673; x_wconf 84' lang='lat' dir='ltr'><em>rei</em></span> <span class='ocrx_word' id='word_1_53' title='bbox 992 633 1088 688; x_wconf 87' lang='lat' dir='ltr'><em>pati</em></span> <span class='ocrx_word' id='word_1_54' title='bbox 1118 633 1261 674; x_wconf 83' lang='lat' dir='ltr'><em>solent.</em></span> 
     </span>
    </p>

    <p class='ocr_par' dir='ltr' id='par_1_4' title="bbox 118 700 1750 1251">
     <span class='ocr_line' id='line_1_8' title="bbox 210 700 1684 758; baseline -0.003 -13"><span class='ocrx_word' id='word_1_55' title='bbox 210 715 466 745; x_wconf 81' lang='lat' dir='ltr'><strong>EROGAMVR</strong></span> <span class='ocrx_word' id='word_1_56' title='bbox 497 718 531 745; x_wconf 87' lang='lat' dir='ltr'><em>c.</em></span> <span class='ocrx_word' id='word_1_57' title='bbox 567 705 624 744; x_wconf 83' lang='grc'>48</span> <span class='ocrx_word' id='word_1_58' title='bbox 663 703 686 744; x_wconf 89' lang='lat' dir='ltr'><em>f.</em></span> <span class='ocrx_word' id='word_1_59' title='bbox 710 718 749 745; x_wconf 91' lang='lat' dir='ltr'><em>n.</em></span> <span class='ocrx_word' id='word_1_60' title='bbox 825 702 891 744; x_wconf 86' lang='lat' dir='ltr'><em>De</em></span> <span class='ocrx_word' id='word_1_61' title='bbox 930 702 1124 758; x_wconf 71' lang='lat' dir='ltr'><em>Spectac.</em></span> <span class='ocrx_word' id='word_1_62' title='bbox 1165 704 1216 742; x_wconf 99' lang='grc'>12</span> <span class='ocrx_word' id='word_1_63' title='bbox 1251 717 1289 758; x_wconf 88' lang='lat' dir='ltr'><em>p.</em></span> <span class='ocrx_word' id='word_1_64' title='bbox 1325 703 1378 741; x_wconf 98' lang='lat'>14</span> <span class='ocrx_word' id='word_1_65' title='bbox 1411 701 1436 743; x_wconf 89' lang='lat' dir='ltr'><em>l.</em></span> <span class='ocrx_word' id='word_1_66' title='bbox 1468 703 1521 743; x_wconf 82' lang='lat'><em>16</em></span> <span class='ocrx_word' id='word_1_67' title='bbox 1558 700 1684 741; x_wconf 79' lang='lat' dir='ltr'><em>Wiss.</em></span> 
     </span>
     <span class='ocr_line' id='line_1_9' title="bbox 120 772 1683 829; baseline -0.003 -14"><span class='ocrx_word' id='word_1_68' title='bbox 120 775 264 829; x_wconf 78' lang='lat' dir='ltr'><em>itaque</em></span> <span class='ocrx_word' id='word_1_69' title='bbox 294 789 396 829; x_wconf 80' lang='lat' dir='ltr'><em>quos</em></span> <span class='ocrx_word' id='word_1_70' title='bbox 421 779 706 829; x_wconf 86' lang='lat' dir='ltr'><em>parauerant,</em></span> <span class='ocrx_word' id='word_1_71' title='bbox 732 774 869 814; x_wconf 79' lang='lat' dir='ltr'><em>armis</em></span> <span class='ocrx_word' id='word_1_72' title='bbox 898 773 1047 828; x_wconf 76' lang='lat' dir='ltr'><em>quibus</em></span> <span class='ocrx_word' id='word_1_73' title='bbox 1076 779 1173 814; x_wconf 89' lang='lat' dir='ltr'><em>tunc</em></span> <span class='ocrx_word' id='word_1_74' title='bbox 1203 778 1241 814; x_wconf 94' lang='lat' dir='ltr'><em>et</em></span> <span class='ocrx_word' id='word_1_75' title='bbox 1273 772 1459 827; x_wconf 74' lang='lat' dir='ltr'><em>qualiter</em></span> <span class='ocrx_word' id='word_1_76' title='bbox 1484 777 1683 827; x_wconf 73' lang='lat' dir='ltr'><em>poterant</em></span> 
     </span>
     <span class='ocr_line' id='line_1_10' title="bbox 118 841 1682 897; baseline -0.002 -12"><span class='ocrx_word' id='word_1_77' title='bbox 118 844 320 892; x_wconf 86' lang='lat' dir='ltr'><em>eruditos,</em></span> <span class='ocrx_word' id='word_1_78' title='bbox 353 849 521 885; x_wconf 85' lang='lat' dir='ltr'><em>tantum</em></span> <span class='ocrx_word' id='word_1_79' title='bbox 555 849 598 884; x_wconf 87' lang='lat' dir='ltr'><em>ut</em></span> <span class='ocrx_word' id='word_1_80' title='bbox 630 843 765 885; x_wconf 90' lang='lat' dir='ltr'><em>occidi</em></span> <span class='ocrx_word' id='word_1_81' title='bbox 796 843 1014 891; x_wconf 85' lang='lat' dir='ltr'><em>discerent,</em></span> <span class='ocrx_word' id='word_1_82' title='bbox 1051 858 1145 883; x_wconf 59' lang='lat' dir='ltr'><em>mou*</em></span> <span class='ocrx_word' id='word_1_83' title='bbox 1176 842 1308 884; x_wconf 86' lang='lat' dir='ltr'><em>edicto</em></span> <span class='ocrx_word' id='word_1_84' title='bbox 1341 841 1520 897; x_wconf 67' lang='lat' dir='ltr'><em>[Mayon</em></span> <span class='ocrx_word' id='word_1_85' title='bbox 1551 841 1682 895; x_wconf 83' lang='lat' dir='ltr'><em>edito]</em></span> 
     </span>
     <span class='ocr_line' id='line_1_11' title="bbox 119 912 1750 969; baseline -0.004 -14"><span class='ocrx_word' id='word_1_86' title='bbox 119 914 190 956; x_wconf 87' lang='lat' dir='ltr'><em>die</em></span> <span class='ocrx_word' id='word_1_87' title='bbox 228 913 492 969; x_wconf 76' lang='lat' dir='ltr'><em>inferiarum</em></span> <span class='ocrx_word' id='word_1_88' title='bbox 525 913 643 968; x_wconf 73' lang='lat' dir='ltr'><em>apud</em></span> <span class='ocrx_word' id='word_1_89' title='bbox 681 912 866 954; x_wconf 82' lang='lat' dir='ltr'><em>tumulos</em></span> <span class='ocrx_word' id='word_1_90' title='bbox 898 912 1138 967; x_wconf 70' lang='lat' dir='ltr'><em>eroyabant.</em></span> <span class='ocrx_word' id='word_1_91' title='bbox 1200 912 1255 952; x_wconf 81' lang='lat' dir='ltr'><em>ad</em></span> <span class='ocrx_word' id='word_1_92' title='bbox 1287 917 1373 952; x_wconf 72' lang='lat' dir='ltr'><em>nat.</em></span> <span class='ocrx_word' id='word_1_93' title='bbox 1410 923 1425 952; x_wconf 86' lang='grc' dir='ltr'>Ι</span> <span class='ocrx_word' id='word_1_94' title='bbox 1463 914 1516 952; x_wconf 89' lang='grc'><em>10</em></span> <span class='ocrx_word' id='word_1_95' title='bbox 1554 926 1592 967; x_wconf 91' lang='lat' dir='ltr'><em>p.</em></span> <span class='ocrx_word' id='word_1_96' title='bbox 1628 913 1683 952; x_wconf 81' lang='lat'><em>80</em></span> <span class='ocrx_word' id='word_1_97' title='bbox 1707 927 1750 949; x_wconf 93' lang='lat'><em>10</em></span> 
     </span>
     <span class='ocr_line' id='line_1_12' title="bbox 120 982 1684 1040; baseline -0.002 -15"><span class='ocrx_word' id='word_1_98' title='bbox 120 985 146 1027; x_wconf 93' lang='grc'><em>1.</em></span> <span class='ocrx_word' id='word_1_99' title='bbox 191 988 214 1025; x_wconf 91' lang='grc'>5</span> <span class='ocrx_word' id='word_1_100' title='bbox 257 983 383 1026; x_wconf 81' lang='lat' dir='ltr'><em>Wiss.</em></span> <span class='ocrx_word' id='word_1_101' title='bbox 435 984 566 1040; x_wconf 82' lang='lat' dir='ltr'><em>plane</em></span> <span class='ocrx_word' id='word_1_102' title='bbox 615 983 901 1038; x_wconf 71' lang='lat' dir='ltr'><em>reliyiosiores</em></span> <span class='ocrx_word' id='word_1_103' title='bbox 953 983 1052 1024; x_wconf 88' lang='lat' dir='ltr'><em>estis</em></span> <span class='ocrx_word' id='word_1_104' title='bbox 1102 982 1148 1023; x_wconf 86' lang='lat' dir='ltr'><em>in</em></span> <span class='ocrx_word' id='word_1_105' title='bbox 1197 982 1496 1037; x_wconf 73' lang='lat' dir='ltr'><em>cstadiatorum</em></span> <span class='ocrx_word' id='word_1_106' title='bbox 1543 997 1684 1031; x_wconf 86' lang='lat' dir='ltr'><em>cauea,</em></span> 
     </span>
     <span class='ocr_line' id='line_1_13' title="bbox 120 1052 1684 1109; baseline -0.003 -13"><span class='ocrx_word' id='word_1_107' title='bbox 120 1054 192 1096; x_wconf 80' lang='lat' dir='ltr'><em>ubi</em></span> <span class='ocrx_word' id='word_1_108' title='bbox 220 1069 349 1109; x_wconf 84' lang='lat' dir='ltr'><em>super</em></span> <span class='ocrx_word' id='word_1_109' title='bbox 377 1053 630 1109; x_wconf 64' lang='lat' dir='ltr'><em>sanquinem</em></span> <span class='ocrx_word' id='word_1_110' title='bbox 659 1053 906 1101; x_wconf 76' lang='lat' dir='ltr'><em>humanum,</em></span> <span class='ocrx_word' id='word_1_111' title='bbox 928 1068 1057 1108; x_wconf 82' lang='lat' dir='ltr'><em>super</em></span> <span class='ocrx_word' id='word_1_112' title='bbox 1081 1052 1407 1107; x_wconf 76' lang='lat' dir='ltr'><em>inquinamenta</em></span> <span class='ocrx_word' id='word_1_113' title='bbox 1433 1067 1684 1107; x_wconf 86' lang='lat' dir='ltr'><em>poenarum,</em></span> 
     </span>
     <span class='ocr_line' id='line_1_14' title="bbox 119 1122 1686 1181; baseline -0.003 -14"><span class='ocrx_word' id='word_1_114' title='bbox 119 1125 299 1181; x_wconf 78' lang='lat' dir='ltr'><em>proinde</em></span> <span class='ocrx_word' id='word_1_115' title='bbox 340 1124 504 1166; x_wconf 81' lang='lat' dir='ltr'><em>saltant</em></span> <span class='ocrx_word' id='word_1_116' title='bbox 540 1123 610 1165; x_wconf 88' lang='lat' dir='ltr'><em>dei</em></span> <span class='ocrx_word' id='word_1_117' title='bbox 652 1123 785 1165; x_wconf 85' lang='lat' dir='ltr'><em>uestri</em></span> <span class='ocrx_word' id='word_1_118' title='bbox 829 1128 1082 1178; x_wconf 66' lang='lat' dir='ltr'><em>aoyumenta</em></span> <span class='ocrx_word' id='word_1_119' title='bbox 1124 1128 1162 1163; x_wconf 94' lang='lat' dir='ltr'><em>et</em></span> <span class='ocrx_word' id='word_1_120' title='bbox 1202 1122 1406 1164; x_wconf 71' lang='lat' dir='ltr'><em>historias</em></span> <span class='ocrx_word' id='word_1_121' title='bbox 1450 1122 1686 1164; x_wconf 72' lang='lat' dir='ltr'><em>nocentibus</em></span> 
     </span>
     <span class='ocr_line' id='line_1_15' title="bbox 120 1192 1304 1251; baseline -0.003 -14"><span class='ocrx_word' id='word_1_122' title='bbox 120 1195 360 1251; x_wconf 74' lang='lat' dir='ltr'><em>e7·09andis,</em></span> <span class='ocrx_word' id='word_1_123' title='bbox 393 1200 469 1236; x_wconf 87' lang='lat' dir='ltr'><em>aut</em></span> <span class='ocrx_word' id='word_1_124' title='bbox 498 1194 544 1235; x_wconf 82' lang='lat' dir='ltr'><em>in</em></span> <span class='ocrx_word' id='word_1_125' title='bbox 575 1193 684 1249; x_wconf 85' lang='lat' dir='ltr'><em>ipsis</em></span> <span class='ocrx_word' id='word_1_126' title='bbox 714 1192 804 1234; x_wconf 82' lang='lat' dir='ltr'><em>deis</em></span> <span class='ocrx_word' id='word_1_127' title='bbox 834 1198 1022 1234; x_wconf 81' lang='lat' dir='ltr'><em>nocentes</em></span> <span class='ocrx_word' id='word_1_128' title='bbox 1050 1192 1304 1247; x_wconf 85' lang='lat' dir='ltr'><em>puniuntur.</em></span> 
     </span>
    </p>

    <p class='ocr_par' dir='ltr' id='par_1_5' title="bbox 118 1261 1750 1460">
     <span class='ocr_line' id='line_1_16' title="bbox 211 1261 1750 1321; baseline -0.003 -15"><span class='ocrx_word' id='word_1_129' title='bbox 211 1280 249 1321; x_wconf 91' lang='lat' dir='ltr'><em>p.</em></span> <span class='ocrx_word' id='word_1_130' title='bbox 275 1266 359 1306; x_wconf 84' lang='grc'><em>124</em></span> <span class='ocrx_word' id='word_1_131' title='bbox 389 1265 412 1306; x_wconf 92' lang='lat' dir='ltr'><em>l.</em></span> <span class='ocrx_word' id='word_1_132' title='bbox 440 1266 492 1305; x_wconf 87' lang='grc'><em>15</em></span> <span class='ocrx_word' id='word_1_133' title='bbox 523 1274 861 1304; x_wconf 76' lang='lat' dir='ltr'><strong>CONTESTAMVR</strong></span> <span class='ocrx_word' id='word_1_134' title='bbox 893 1278 924 1303; x_wconf 90' lang='lat' dir='ltr'><em>c.</em></span> <span class='ocrx_word' id='word_1_135' title='bbox 958 1261 1009 1303; x_wconf 83' lang='lat'><em>17</em></span> <span class='ocrx_word' id='word_1_136' title='bbox 1034 1262 1058 1303; x_wconf 90' lang='lat' dir='ltr'><em>f.</em></span> <span class='ocrx_word' id='word_1_137' title='bbox 1122 1261 1188 1303; x_wconf 88' lang='lat' dir='ltr'><em>De</em></span> <span class='ocrx_word' id='word_1_138' title='bbox 1222 1261 1316 1304; x_wconf 85' lang='lat' dir='ltr'><strong>Cor.</strong></span> <span class='ocrx_word' id='word_1_139' title='bbox 1347 1261 1476 1304; x_wconf 73' lang='lat' dir='ltr'><strong>Milit.</strong></span> <span class='ocrx_word' id='word_1_140' title='bbox 1507 1263 1532 1303; x_wconf 83' lang='lat'><strong>3</strong></span> <span class='ocrx_word' id='word_1_141' title='bbox 1555 1276 1609 1303; x_wconf 89' lang='lat' dir='ltr'><em>m.</em></span> <span class='ocrx_word' id='word_1_142' title='bbox 1640 1261 1684 1302; x_wconf 83' lang='lat' dir='ltr'><em>in</em></span> <span class='ocrx_word' id='word_1_143' title='bbox 1708 1278 1750 1309; x_wconf 85' lang='lat'><em>15</em></span> 
     </span>
     <span class='ocr_line' id='line_1_17' title="bbox 119 1331 1686 1378; baseline -0.003 -1"><span class='ocrx_word' id='word_1_144' title='bbox 119 1335 297 1378; x_wconf 82' lang='lat' dir='ltr'><em>ecclesia</em></span> <span class='ocrx_word' id='word_1_145' title='bbox 328 1334 401 1375; x_wconf 87' lang='lat' dir='ltr'><em>sub</em></span> <span class='ocrx_word' id='word_1_146' title='bbox 433 1334 641 1375; x_wconf 88' lang='lat' dir='ltr'><em>antistitis</em></span> <span class='ocrx_word' id='word_1_147' title='bbox 668 1348 802 1374; x_wconf 84' lang='lat' dir='ltr'><em>manu</em></span> <span class='ocrx_word' id='word_1_148' title='bbox 830 1338 1113 1374; x_wconf 69' lang='lat' dir='ltr'><em>contestamur</em></span> <span class='ocrx_word' id='word_1_149' title='bbox 1142 1347 1216 1374; x_wconf 87' lang='lat' dir='ltr'><em>nos</em></span> <span class='ocrx_word' id='word_1_150' title='bbox 1242 1332 1490 1373; x_wconf 88' lang='lat' dir='ltr'><em>renuntiare</em></span> <span class='ocrx_word' id='word_1_151' title='bbox 1519 1331 1686 1372; x_wconf 82' lang='lat' dir='ltr'><em>diabolo</em></span> 
     </span>
     <span class='ocr_line' id='line_1_18' title="bbox 118 1402 755 1460; baseline -0.006 -13"><span class='ocrx_word' id='word_1_152' title='bbox 118 1411 159 1447; x_wconf 87' lang='lat' dir='ltr'><em>et</em></span> <span class='ocrx_word' id='word_1_153' title='bbox 184 1419 370 1460; x_wconf 87' lang='lat' dir='ltr'><em>pompae</em></span> <span class='ocrx_word' id='word_1_154' title='bbox 401 1409 437 1445; x_wconf 94' lang='lat' dir='ltr'><em>et</em></span> <span class='ocrx_word' id='word_1_155' title='bbox 470 1402 634 1458; x_wconf 67' lang='lat' dir='ltr'><em>anyelis</em></span> <span class='ocrx_word' id='word_1_156' title='bbox 657 1403 755 1444; x_wconf 87' lang='lat' dir='ltr'><em>eius.</em></span> 
     </span>
    </p>

    <p class='ocr_par' dir='ltr' id='par_1_6' title="bbox 119 1472 1687 1589">
     <span class='ocr_line' id='line_1_19' title="bbox 212 1472 1687 1530; baseline -0.001 -14"><span class='ocrx_word' id='word_1_157' title='bbox 212 1486 356 1516; x_wconf 85' lang='lat' dir='ltr'>ACTVS</span> <span class='ocrx_word' id='word_1_158' title='bbox 404 1489 437 1516; x_wconf 81' lang='lat' dir='ltr'><em>e.</em></span> <span class='ocrx_word' id='word_1_159' title='bbox 477 1476 501 1516; x_wconf 88' lang='grc'><em>5</em></span> <span class='ocrx_word' id='word_1_160' title='bbox 546 1489 584 1530; x_wconf 88' lang='lat' dir='ltr'><em>p.</em></span> <span class='ocrx_word' id='word_1_161' title='bbox 625 1475 679 1514; x_wconf 83' lang='lat'><em>18</em></span> <span class='ocrx_word' id='word_1_162' title='bbox 722 1473 747 1515; x_wconf 89' lang='lat' dir='ltr'><em>l.</em></span> <span class='ocrx_word' id='word_1_163' title='bbox 786 1474 842 1514; x_wconf 85' lang='lat'><em>30</em></span> <span class='ocrx_word' id='word_1_164' title='bbox 893 1472 1096 1514; x_wconf 79' lang='lat' dir='ltr'><em>consulite</em></span> <span class='ocrx_word' id='word_1_165' title='bbox 1145 1472 1469 1514; x_wconf 73' lang='lat' dir='ltr'><em>commentarios</em></span> <span class='ocrx_word' id='word_1_166' title='bbox 1515 1478 1687 1514; x_wconf 88' lang='lat' dir='ltr'><em>uestros.</em></span> 
     </span>
     <span class='ocr_line' id='line_1_20' title="bbox 119 1545 456 1589; baseline -0.009 -1"><span class='ocrx_word' id='word_1_167' title='bbox 119 1562 154 1589; x_wconf 81' lang='lat' dir='ltr'><em>c.</em></span> <span class='ocrx_word' id='word_1_168' title='bbox 182 1548 234 1588; x_wconf 87' lang='lat'><em>19</em></span> <span class='ocrx_word' id='word_1_169' title='bbox 265 1545 456 1587; x_wconf 76' lang='lat' dir='ltr'><em>archiua.</em></span> 
     </span>
    </p>

    <p class='ocr_par' dir='ltr' id='par_1_7' title="bbox 119 1612 1754 2093">
     <span class='ocr_line' id='line_1_21' title="bbox 211 1612 1753 1672; baseline -0.002 -16"><span class='ocrx_word' id='word_1_170' title='bbox 211 1631 250 1672; x_wconf 89' lang='lat' dir='ltr'><em>p.</em></span> <span class='ocrx_word' id='word_1_171' title='bbox 285 1616 370 1656; x_wconf 83' lang='lat'>124</span> <span class='ocrx_word' id='word_1_172' title='bbox 402 1615 429 1656; x_wconf 88' lang='lat' dir='ltr'><em>l.</em></span> <span class='ocrx_word' id='word_1_173' title='bbox 463 1616 516 1656; x_wconf 89' lang='grc'><em>16</em></span> <span class='ocrx_word' id='word_1_174' title='bbox 552 1625 792 1655; x_wconf 78' lang='lat' dir='ltr'>CVSTODIIS</span> <span class='ocrx_word' id='word_1_175' title='bbox 826 1613 1054 1670; x_wconf 61' lang='lat' dir='ltr'><em>prisone—rs,</em></span> <span class='ocrx_word' id='word_1_176' title='bbox 1077 1628 1123 1654; x_wconf 75' lang='lat' dir='ltr'><em>as</em></span> <span class='ocrx_word' id='word_1_177' title='bbox 1156 1613 1275 1654; x_wconf 67' lang='lat' dir='ltr'><em>often</em></span> <span class='ocrx_word' id='word_1_178' title='bbox 1309 1612 1355 1653; x_wconf 86' lang='lat' dir='ltr'><em>in</em></span> <span class='ocrx_word' id='word_1_179' title='bbox 1390 1612 1511 1654; x_wconf 70' lang='lat' dir='ltr'><em>Suet.</em></span> <span class='ocrx_word' id='word_1_180' title='bbox 1574 1627 1687 1668; x_wconf 85' lang='lat' dir='ltr'><em>supr.</em></span> <span class='ocrx_word' id='word_1_181' title='bbox 1709 1631 1753 1653; x_wconf 86' lang='lat'><em>20</em></span> 
     </span>
     <span class='ocr_line' id='line_1_22' title="bbox 119 1683 1688 1742; baseline -0.003 -14"><span class='ocrx_word' id='word_1_182' title='bbox 119 1702 156 1728; x_wconf 89' lang='lat' dir='ltr'><em>c.</em></span> <span class='ocrx_word' id='word_1_183' title='bbox 179 1688 203 1728; x_wconf 84' lang='lat'>9</span> <span class='ocrx_word' id='word_1_184' title='bbox 227 1691 326 1742; x_wconf 73' lang='lat' dir='ltr'><em>post</em></span> <span class='ocrx_word' id='word_1_185' title='bbox 352 1684 462 1726; x_wconf 87' lang='lat' dir='ltr'><em>med.</em></span> <span class='ocrx_word' id='word_1_186' title='bbox 486 1690 524 1726; x_wconf 89' lang='lat' dir='ltr'><em>et</em></span> <span class='ocrx_word' id='word_1_187' title='bbox 554 1685 697 1739; x_wconf 77' lang='lat' dir='ltr'><em>utique</em></span> <span class='ocrx_word' id='word_1_188' title='bbox 728 1699 809 1726; x_wconf 91' lang='lat' dir='ltr'><em>non</em></span> <span class='ocrx_word' id='word_1_189' title='bbox 843 1684 998 1726; x_wconf 80' lang='lat' dir='ltr'><em>deesset</em></span> <span class='ocrx_word' id='word_1_190' title='bbox 1029 1684 1145 1725; x_wconf 65' lang='lat' dir='ltr'><em>‘uobis</em></span> <span class='ocrx_word' id='word_1_191' title='bbox 1179 1684 1221 1724; x_wconf 87' lang='lat' dir='ltr'><em>in</em></span> <span class='ocrx_word' id='word_1_192' title='bbox 1256 1683 1475 1725; x_wconf 82' lang='lat' dir='ltr'><em>auditione</em></span> <span class='ocrx_word' id='word_1_193' title='bbox 1507 1683 1688 1725; x_wconf 86' lang='lat' dir='ltr'><em>custodi-</em></span> 
     </span>
     <span class='ocr_line' id='line_1_23' title="bbox 119 1751 1676 1810; baseline -0.004 -11"><span class='ocrx_word' id='word_1_194' title='bbox 119 1772 251 1800; x_wconf 89' lang='lat' dir='ltr'><em>arum</em></span> <span class='ocrx_word' id='word_1_195' title='bbox 273 1762 310 1798; x_wconf 90' lang='lat' dir='ltr'><em>et</em></span> <span class='ocrx_word' id='word_1_196' title='bbox 335 1755 610 1797; x_wconf 83' lang='lat' dir='ltr'><em>damnatione</em></span> <span class='ocrx_word' id='word_1_197' title='bbox 637 1755 814 1810; x_wconf 38' lang='lat' dir='ltr'><em>san-quis</em></span> <span class='ocrx_word' id='word_1_198' title='bbox 842 1755 1065 1795; x_wconf 79' lang='lat' dir='ltr'><em>humanus.</em></span> <span class='ocrx_word' id='word_1_199' title='bbox 1128 1753 1191 1796; x_wconf 83' lang='lat' dir='ltr'><em>Cf.</em></span> <span class='ocrx_word' id='word_1_200' title='bbox 1216 1753 1323 1795; x_wconf 78' lang='lat' dir='ltr'><em>Plin.</em></span> <span class='ocrx_word' id='word_1_201' title='bbox 1348 1753 1387 1794; x_wconf 88' lang='lat' dir='ltr'><em>h.</em></span> <span class='ocrx_word' id='word_1_202' title='bbox 1410 1768 1451 1794; x_wconf 89' lang='lat' dir='ltr'><em>n.</em></span> <span class='ocrx_word' id='word_1_203' title='bbox 1474 1764 1559 1793; x_wconf 83' lang='lat' dir='ltr'><em>XXI</em></span> <span class='ocrx_word' id='word_1_204' title='bbox 1581 1751 1601 1809; x_wconf 63' lang='grc' dir='ltr'>ξ</span> <span class='ocrx_word' id='word_1_205' title='bbox 1624 1755 1676 1793; x_wconf 91' lang='grc'>12</span> 
     </span>
     <span class='ocr_line' id='line_1_24' title="bbox 122 1824 1687 1883; baseline -0.004 -13"><span class='ocrx_word' id='word_1_206' title='bbox 122 1828 225 1871; x_wconf 83' lang='lat' dir='ltr'><em>Sen.</em></span> <span class='ocrx_word' id='word_1_207' title='bbox 257 1842 321 1883; x_wconf 89' lang='lat' dir='ltr'><em>ep.</em></span> <span class='ocrx_word' id='word_1_208' title='bbox 357 1830 379 1867; x_wconf 87' lang='lat'>5</span> <span class='ocrx_word' id='word_1_209' title='bbox 417 1824 437 1883; x_wconf 62' lang='grc' dir='ltr'>ξ</span> <span class='ocrx_word' id='word_1_210' title='bbox 465 1825 486 1867; x_wconf 99' lang='lat'><strong>7</strong></span> <span class='ocrx_word' id='word_1_211' title='bbox 528 1825 675 1867; x_wconf 85' lang='lat' dir='ltr'><em>eadem</em></span> <span class='ocrx_word' id='word_1_212' title='bbox 707 1831 856 1867; x_wconf 88' lang='lat' dir='ltr'><em>catena</em></span> <span class='ocrx_word' id='word_1_213' title='bbox 890 1831 927 1867; x_wconf 91' lang='lat' dir='ltr'><em>et</em></span> <span class='ocrx_word' id='word_1_214' title='bbox 958 1824 1194 1867; x_wconf 87' lang='lat' dir='ltr'><em>custodiam</em></span> <span class='ocrx_word' id='word_1_215' title='bbox 1227 1824 1397 1879; x_wconf 82' lang='lat' dir='ltr'><em>copulat</em></span> <span class='ocrx_word' id='word_1_216' title='bbox 1428 1829 1465 1865; x_wconf 91' lang='lat' dir='ltr'><em>et</em></span> <span class='ocrx_word' id='word_1_217' title='bbox 1496 1824 1687 1865; x_wconf 80' lang='lat' dir='ltr'><em>militem.</em></span> 
     </span>
     <span class='ocr_line' id='line_1_25' title="bbox 122 1894 1685 1955; baseline -0.004 -14"><span class='ocrx_word' id='word_1_218' title='bbox 122 1914 190 1955; x_wconf 82' lang='lat' dir='ltr'><em>ep.</em></span> <span class='ocrx_word' id='word_1_219' title='bbox 214 1897 268 1940; x_wconf 91' lang='lat'><em>70</em></span> <span class='ocrx_word' id='word_1_220' title='bbox 299 1896 396 1954; x_wconf 66' lang='lat'><em>§23</em></span> <span class='ocrx_word' id='word_1_221' title='bbox 429 1897 540 1938; x_wconf 84' lang='lat' dir='ltr'><em>inter</em></span> <span class='ocrx_word' id='word_1_222' title='bbox 571 1896 787 1938; x_wconf 81' lang='lat' dir='ltr'><em>custodias</em></span> <span class='ocrx_word' id='word_1_223' title='bbox 818 1896 996 1951; x_wconf 76' lang='lat' dir='ltr'><em>quidam</em></span> <span class='ocrx_word' id='word_1_224' title='bbox 1026 1896 1084 1937; x_wconf 83' lang='lat' dir='ltr'><em>ad</em></span> <span class='ocrx_word' id='word_1_225' title='bbox 1112 1895 1374 1937; x_wconf 83' lang='lat' dir='ltr'><em>matutinum</em></span> <span class='ocrx_word' id='word_1_226' title='bbox 1404 1894 1685 1950; x_wconf 68' lang='lat' dir='ltr'><em>spectaculum</em></span> 
     </span>
     <span class='ocr_line' id='line_1_26' title="bbox 125 1963 1754 2023; baseline -0.003 -13"><span class='ocrx_word' id='word_1_227' title='bbox 125 1971 288 2010; x_wconf 79' lang='lat' dir='ltr'><em>missas.</em></span> <span class='ocrx_word' id='word_1_228' title='bbox 338 1983 401 2023; x_wconf 88' lang='lat' dir='ltr'><em>ep.</em></span> <span class='ocrx_word' id='word_1_229' title='bbox 420 1966 470 2008; x_wconf 93' lang='lat'><em>77</em></span> <span class='ocrx_word' id='word_1_230' title='bbox 496 1965 585 2023; x_wconf 63' lang='lat'><em>§18</em></span> <span class='ocrx_word' id='word_1_231' title='bbox 603 1982 714 2007; x_wconf 42' lang='lat' dir='ltr'><em>&#39;unus</em></span> <span class='ocrx_word' id='word_1_232' title='bbox 731 1981 780 2008; x_wconf 60' lang='lat' dir='ltr'><em>ed·</em></span> <span class='ocrx_word' id='word_1_233' title='bbox 802 1967 1096 2008; x_wconf 56' lang='lat' dir='ltr'><em>custodiawum</em></span> <span class='ocrx_word' id='word_1_234' title='bbox 1113 1965 1294 2020; x_wconf 65' lang='lat' dir='ltr'><em>domine.</em></span> <span class='ocrx_word' id='word_1_235' title='bbox 1342 1965 1462 2021; x_wconf 84' lang='lat' dir='ltr'><strong>uulg.</strong></span> <span class='ocrx_word' id='word_1_236' title='bbox 1478 1965 1574 2005; x_wconf 71' lang='lat' dir='ltr'><em>Aet.</em></span> <span class='ocrx_word' id='word_1_237' title='bbox 1591 1963 1644 2007; x_wconf 80' lang='lat'><em>27</em></span> <span class='ocrx_word' id='word_1_238' title='bbox 1665 1967 1685 2004; x_wconf 88' lang='lat'>1</span> <span class='ocrx_word' id='word_1_239' title='bbox 1711 1983 1754 2015; x_wconf 86' lang='lat'><em>25</em></span> 
     </span>
     <span class='ocr_line' id='line_1_27' title="bbox 122 2034 1601 2093; baseline -0.005 -11"><span class='ocrx_word' id='word_1_240' title='bbox 122 2040 246 2082; x_wconf 82' lang='lat' dir='ltr'><em>tradi</em></span> <span class='ocrx_word' id='word_1_241' title='bbox 266 2039 461 2080; x_wconf 82' lang='lat' dir='ltr'><em>Paulum</em></span> <span class='ocrx_word' id='word_1_242' title='bbox 484 2054 578 2080; x_wconf 87' lang='lat' dir='ltr'><em>cum</em></span> <span class='ocrx_word' id='word_1_243' title='bbox 600 2037 779 2093; x_wconf 74' lang='lat' dir='ltr'><em>reliquis</em></span> <span class='ocrx_word' id='word_1_244' title='bbox 801 2037 1004 2079; x_wconf 80' lang='lat' dir='ltr'><em>custodiis</em></span> <span class='ocrx_word' id='word_1_245' title='bbox 1026 2036 1264 2078; x_wconf 82' lang='lat' dir='ltr'><em>centurioni</em></span> <span class='ocrx_word' id='word_1_246' title='bbox 1286 2036 1452 2076; x_wconf 86' lang='lat' dir='ltr'><em>nomine</em></span> <span class='ocrx_word' id='word_1_247' title='bbox 1472 2034 1601 2076; x_wconf 78' lang='lat' dir='ltr'><em>Iulio.</em></span> 
     </span>
    </p>

    <p class='ocr_par' dir='ltr' id='par_1_8' title="bbox 121 2103 1759 2927">
     <span class='ocr_line' id='line_1_28' title="bbox 213 2103 1690 2161; baseline -0.003 -12"><span class='ocrx_word' id='word_1_248' title='bbox 213 2119 485 2150; x_wconf 84' lang='lat' dir='ltr'>SENTENTHS</span> <span class='ocrx_word' id='word_1_249' title='bbox 536 2118 708 2148; x_wconf 82' lang='lat' dir='ltr'><strong>ELOGIA</strong></span> <span class='ocrx_word' id='word_1_250' title='bbox 767 2117 1061 2147; x_wconf 81' lang='lat' dir='ltr'>DISPVNGITIS</span> <span class='ocrx_word' id='word_1_251' title='bbox 1124 2105 1207 2161; x_wconf 84' lang='lat' dir='ltr'><em>‘by</em></span> <span class='ocrx_word' id='word_1_252' title='bbox 1258 2103 1436 2160; x_wconf 80' lang='lat' dir='ltr'><em>passing</em></span> <span class='ocrx_word' id='word_1_253' title='bbox 1487 2109 1690 2145; x_wconf 73' lang='lat' dir='ltr'><em>sentence</em></span> 
     </span>
     <span class='ocr_line' id='line_1_29' title="bbox 121 2173 1691 2229; baseline -0.004 -8"><span class='ocrx_word' id='word_1_254' title='bbox 121 2180 263 2222; x_wconf 65' lang='lat' dir='ltr'><em>striks</em></span> <span class='ocrx_word' id='word_1_255' title='bbox 303 2184 380 2220; x_wconf 74' lang='lat' dir='ltr'><em>out</em></span> <span class='ocrx_word' id='word_1_256' title='bbox 423 2178 530 2218; x_wconf 83' lang='lat' dir='ltr'><em>from</em></span> <span class='ocrx_word' id='word_1_257' title='bbox 581 2177 656 2218; x_wconf 71' lang='lat' dir='ltr'><em>the</em></span> <span class='ocrx_word' id='word_1_258' title='bbox 694 2176 897 2218; x_wconf 79' lang='lat' dir='ltr'><em>calendar</em></span> <span class='ocrx_word' id='word_1_259' title='bbox 934 2176 1009 2217; x_wconf 68' lang='lat' dir='ltr'><em>the</em></span> <span class='ocrx_word' id='word_1_260' title='bbox 1046 2190 1174 2216; x_wconf 79' lang='lat' dir='ltr'><em>name</em></span> <span class='ocrx_word' id='word_1_261' title='bbox 1210 2174 1296 2215; x_wconf 84' lang='lat' dir='ltr'><em>and</em></span> <span class='ocrx_word' id='word_1_262' title='bbox 1338 2173 1495 2229; x_wconf 80' lang='lat' dir='ltr'><em>charge</em></span> <span class='ocrx_word' id='word_1_263' title='bbox 1532 2174 1580 2214; x_wconf 88' lang='lat' dir='ltr'><em>of</em></span> <span class='ocrx_word' id='word_1_264' title='bbox 1615 2174 1691 2215; x_wconf 73' lang='lat' dir='ltr'><em>the</em></span> 
     </span>
     <span class='ocr_line' id='line_1_30' title="bbox 122 2244 1692 2303; baseline -0.005 -11"><span class='ocrx_word' id='word_1_265' title='bbox 122 2248 348 2292; x_wconf 80' lang='lat' dir='ltr'><em>criminal&#39;</em></span> <span class='ocrx_word' id='word_1_266' title='bbox 382 2248 617 2302; x_wconf 82' lang='lat' dir='ltr'><strong>(Woodh.&gt;.</strong></span> <span class='ocrx_word' id='word_1_267' title='bbox 677 2262 709 2289; x_wconf 80' lang='lat' dir='ltr'><em>c,</em></span> <span class='ocrx_word' id='word_1_268' title='bbox 745 2249 769 2288; x_wconf 87' lang='grc'>2</span> <span class='ocrx_word' id='word_1_269' title='bbox 805 2262 843 2303; x_wconf 88' lang='lat' dir='ltr'><em>p.</em></span> <span class='ocrx_word' id='word_1_270' title='bbox 879 2249 933 2288; x_wconf 91' lang='lat'><em>10</em></span> <span class='ocrx_word' id='word_1_271' title='bbox 968 2246 991 2288; x_wconf 87' lang='lat' dir='ltr'><em>l.</em></span> <span class='ocrx_word' id='word_1_272' title='bbox 1029 2247 1083 2286; x_wconf 85' lang='grc'><em>24</em></span> <span class='ocrx_word' id='word_1_273' title='bbox 1105 2260 1144 2286; x_wconf 92' lang='lat' dir='ltr'><em>n.</em></span> <span class='ocrx_word' id='word_1_274' title='bbox 1182 2244 1316 2286; x_wconf 89' lang='lat' dir='ltr'><em>debito</em></span> <span class='ocrx_word' id='word_1_275' title='bbox 1347 2259 1509 2299; x_wconf 88' lang='lat' dir='ltr'><em>poenae</em></span> <span class='ocrx_word' id='word_1_276' title='bbox 1545 2259 1692 2286; x_wconf 81' lang='lat' dir='ltr'><em>nocens</em></span> 
     </span>
     <span class='ocr_line' id='line_1_31' title="bbox 123 2312 1757 2376; baseline -0.006 -14"><span class='ocrx_word' id='word_1_277' title='bbox 123 2318 428 2376; x_wconf 72' lang='lat' dir='ltr'><em>expunyendus</em></span> <span class='ocrx_word' id='word_1_278' title='bbox 463 2323 532 2367; x_wconf 89' lang='lat' dir='ltr'><em>est,</em></span> <span class='ocrx_word' id='word_1_279' title='bbox 566 2332 649 2358; x_wconf 89' lang='lat' dir='ltr'><em>non</em></span> <span class='ocrx_word' id='word_1_280' title='bbox 686 2316 941 2358; x_wconf 67' lang='lat' dir='ltr'><em>eccimendus.</em></span> <span class='ocrx_word' id='word_1_281' title='bbox 1007 2318 1059 2356; x_wconf 84' lang='lat'><em>15</em></span> <span class='ocrx_word' id='word_1_282' title='bbox 1093 2330 1152 2370; x_wconf 83' lang='lat' dir='ltr'><em>pr.</em></span> <span class='ocrx_word' id='word_1_283' title='bbox 1188 2315 1242 2354; x_wconf 90' lang='grc'><em>24</em></span> <span class='ocrx_word' id='word_1_284' title='bbox 1280 2313 1442 2355; x_wconf 85' lang='lat' dir='ltr'><em>Oehler</em></span> <span class='ocrx_word' id='word_1_285' title='bbox 1474 2312 1560 2354; x_wconf 84' lang='lat' dir='ltr'><em>ind.</em></span> <span class='ocrx_word' id='word_1_286' title='bbox 1622 2313 1693 2354; x_wconf 88' lang='lat' dir='ltr'><em>Ad</em></span> <span class='ocrx_word' id='word_1_287' title='bbox 1712 2330 1757 2361; x_wconf 80' lang='lat'><em>30</em></span> 
     </span>
     <span class='ocr_line' id='line_1_32' title="bbox 126 2383 1693 2446; baseline -0.004 -15"><span class='ocrx_word' id='word_1_288' title='bbox 126 2390 252 2446; x_wconf 81' lang='lat' dir='ltr'><em>Scap.</em></span> <span class='ocrx_word' id='word_1_289' title='bbox 277 2390 302 2429; x_wconf 85' lang='lat'>4</span> <span class='ocrx_word' id='word_1_290' title='bbox 325 2403 360 2430; x_wconf 81' lang='lat' dir='ltr'><em>a.</em></span> <span class='ocrx_word' id='word_1_291' title='bbox 383 2403 438 2428; x_wconf 88' lang='lat' dir='ltr'><em>m.</em></span> <span class='ocrx_word' id='word_1_292' title='bbox 471 2387 646 2428; x_wconf 84' lang='lat' dir='ltr'><em>Pudens</em></span> <span class='ocrx_word' id='word_1_293' title='bbox 667 2386 795 2428; x_wconf 82' lang='lat' dir='ltr'><em>etiam</em></span> <span class='ocrx_word' id='word_1_294' title='bbox 820 2386 997 2426; x_wconf 68' lang='lat' dir='ltr'><em>missum</em></span> <span class='ocrx_word' id='word_1_295' title='bbox 1019 2384 1078 2425; x_wconf 88' lang='lat' dir='ltr'><em>ad</em></span> <span class='ocrx_word' id='word_1_296' title='bbox 1098 2398 1141 2425; x_wconf 92' lang='lat' dir='ltr'><em>se</em></span> <span class='ocrx_word' id='word_1_297' title='bbox 1163 2383 1454 2424; x_wconf 75' lang='lat' dir='ltr'><em>Christianum</em></span> <span class='ocrx_word' id='word_1_298' title='bbox 1485 2383 1531 2423; x_wconf 86' lang='lat' dir='ltr'><em>in</em></span> <span class='ocrx_word' id='word_1_299' title='bbox 1561 2383 1693 2437; x_wconf 63' lang='lat' dir='ltr'><em>elooio</em></span> 
     </span>
     <span class='ocr_line' id='line_1_33' title="bbox 125 2452 1694 2507; baseline -0.006 -5"><span class='ocrx_word' id='word_1_300' title='bbox 125 2459 393 2503; x_wconf 85' lang='lat' dir='ltr'><em>concussione</em></span> <span class='ocrx_word' id='word_1_301' title='bbox 438 2457 527 2498; x_wconf 86' lang='lat' dir='ltr'><em>eius</em></span> <span class='ocrx_word' id='word_1_302' title='bbox 573 2456 787 2497; x_wconf 72' lang='lat' dir='ltr'><em>intellecta</em></span> <span class='ocrx_word' id='word_1_303' title='bbox 836 2455 1012 2503; x_wconf 84' lang='lat' dir='ltr'><em>dimisit,</em></span> <span class='ocrx_word' id='word_1_304' title='bbox 1054 2453 1180 2495; x_wconf 86' lang='lat' dir='ltr'><em>scisso</em></span> <span class='ocrx_word' id='word_1_305' title='bbox 1229 2452 1371 2493; x_wconf 87' lang='lat' dir='ltr'><em>eodem</em></span> <span class='ocrx_word' id='word_1_306' title='bbox 1419 2452 1563 2507; x_wconf 58' lang='lat' dir='ltr'><em>eloym,</em></span> <span class='ocrx_word' id='word_1_307' title='bbox 1605 2453 1694 2493; x_wconf 90' lang='lat' dir='ltr'><em>sine</em></span> 
     </span>
     <span class='ocr_line' id='line_1_34' title="bbox 127 2522 1693 2581; baseline -0.006 -9"><span class='ocrx_word' id='word_1_308' title='bbox 127 2535 374 2573; x_wconf 82' lang='lat' dir='ltr'><em>accusatore</em></span> <span class='ocrx_word' id='word_1_309' title='bbox 404 2541 560 2581; x_wconf 72' lang='lat' dir='ltr'><em>neyans</em></span> <span class='ocrx_word' id='word_1_310' title='bbox 587 2541 629 2567; x_wconf 89' lang='lat' dir='ltr'><em>se</em></span> <span class='ocrx_word' id='word_1_311' title='bbox 657 2525 911 2566; x_wconf 85' lang='lat' dir='ltr'><em>auditurum</em></span> <span class='ocrx_word' id='word_1_312' title='bbox 940 2524 1149 2565; x_wconf 77' lang='lat' dir='ltr'><em>hominem</em></span> <span class='ocrx_word' id='word_1_313' title='bbox 1178 2522 1408 2563; x_wconf 86' lang='lat' dir='ltr'><em>secund-um</em></span> <span class='ocrx_word' id='word_1_314' title='bbox 1428 2522 1693 2563; x_wconf 86' lang='lat' dir='ltr'><em>mandatum.</em></span> 
     </span>
     <span class='ocr_line' id='line_1_35' title="bbox 128 2592 1694 2653; baseline -0.006 -11"><span class='ocrx_word' id='word_1_315' title='bbox 128 2601 197 2642; x_wconf 87' lang='lat' dir='ltr'><em>De</em></span> <span class='ocrx_word' id='word_1_316' title='bbox 229 2598 378 2640; x_wconf 78' lang='lat' dir='ltr'><em>Idolol.</em></span> <span class='ocrx_word' id='word_1_317' title='bbox 404 2600 425 2638; x_wconf 86' lang='lat'>1</span> <span class='ocrx_word' id='word_1_318' title='bbox 452 2612 513 2653; x_wconf 84' lang='lat' dir='ltr'><em>pr.</em></span> <span class='ocrx_word' id='word_1_319' title='bbox 574 2596 641 2637; x_wconf 87' lang='lat' dir='ltr'><em>De</em></span> <span class='ocrx_word' id='word_1_320' title='bbox 674 2595 801 2638; x_wconf 78' lang='lat' dir='ltr'><em>Cam.</em></span> <span class='ocrx_word' id='word_1_321' title='bbox 825 2595 974 2636; x_wconf 85' lang='lat' dir='ltr'><em>Resur.</em></span> <span class='ocrx_word' id='word_1_322' title='bbox 1006 2596 1058 2634; x_wconf 89' lang='grc'>21</span> <span class='ocrx_word' id='word_1_323' title='bbox 1084 2608 1122 2649; x_wconf 90' lang='grc' dir='ltr'><em>Ρ.</em></span> <span class='ocrx_word' id='word_1_324' title='bbox 1147 2595 1202 2633; x_wconf 84' lang='grc'><em>54</em></span> <span class='ocrx_word' id='word_1_325' title='bbox 1225 2593 1248 2634; x_wconf 85' lang='lat' dir='ltr'><em>l.</em></span> <span class='ocrx_word' id='word_1_326' title='bbox 1273 2595 1298 2633; x_wconf 88' lang='grc'>8</span> <span class='ocrx_word' id='word_1_327' title='bbox 1322 2592 1397 2634; x_wconf 83' lang='lat' dir='ltr'><em>Kr.</em></span> <span class='ocrx_word' id='word_1_328' title='bbox 1429 2608 1522 2648; x_wconf 87' lang='lat' dir='ltr'><em>spes</em></span> <span class='ocrx_word' id='word_1_329' title='bbox 1553 2608 1694 2634; x_wconf 86' lang='lat' dir='ltr'><em>resur-</em></span> 
     </span>
     <span class='ocr_line' id='line_1_36' title="bbox 130 2662 1759 2721; baseline -0.004 -9"><span class='ocrx_word' id='word_1_330' title='bbox 130 2669 339 2717; x_wconf 83' lang='lat' dir='ltr'><em>rectionis,</em></span> <span class='ocrx_word' id='word_1_331' title='bbox 372 2668 456 2709; x_wconf 85' lang='lat' dir='ltr'><em>nisi</em></span> <span class='ocrx_word' id='word_1_332' title='bbox 487 2666 718 2721; x_wconf 77' lang='lat' dir='ltr'><em>manifesta</em></span> <span class='ocrx_word' id='word_1_333' title='bbox 750 2665 799 2706; x_wconf 88' lang='lat' dir='ltr'><em>de</em></span> <span class='ocrx_word' id='word_1_334' title='bbox 833 2664 1022 2719; x_wconf 81' lang='lat' dir='ltr'><em>periculo</em></span> <span class='ocrx_word' id='word_1_335' title='bbox 1057 2669 1094 2705; x_wconf 90' lang='lat' dir='ltr'><em>et</em></span> <span class='ocrx_word' id='word_1_336' title='bbox 1126 2663 1333 2718; x_wconf 84' lang='lat' dir='ltr'><em>praemio.</em></span> <span class='ocrx_word' id='word_1_337' title='bbox 1395 2662 1602 2704; x_wconf 87' lang='lat' dir='ltr'><em>neminem</em></span> <span class='ocrx_word' id='word_1_338' title='bbox 1638 2663 1696 2704; x_wconf 88' lang='lat' dir='ltr'><em>ad</em></span> <span class='ocrx_word' id='word_1_339' title='bbox 1715 2675 1759 2706; x_wconf 83' lang='lat'><em>35</em></span> 
     </span>
     <span class='ocr_line' id='line_1_37' title="bbox 128 2731 1696 2793; baseline -0.006 -11"><span class='ocrx_word' id='word_1_340' title='bbox 128 2739 340 2782; x_wconf 87' lang='lat' dir='ltr'><em>eiusmodi</em></span> <span class='ocrx_word' id='word_1_341' title='bbox 375 2735 633 2793; x_wconf 82' lang='lat' dir='ltr'><em>praesertim</em></span> <span class='ocrx_word' id='word_1_342' title='bbox 674 2734 934 2789; x_wconf 54' lang='lat' dir='ltr'><em>rebigyionem„</em></span> <span class='ocrx_word' id='word_1_343' title='bbox 966 2732 1137 2788; x_wconf 78' lang='lat' dir='ltr'><em>publico</em></span> <span class='ocrx_word' id='word_1_344' title='bbox 1176 2732 1270 2773; x_wconf 90' lang='lat' dir='ltr'><em>odio</em></span> <span class='ocrx_word' id='word_1_345' title='bbox 1308 2737 1346 2773; x_wconf 92' lang='lat' dir='ltr'><em>et</em></span> <span class='ocrx_word' id='word_1_346' title='bbox 1380 2731 1524 2773; x_wconf 78' lang='lat' dir='ltr'><em>hostili</em></span> <span class='ocrx_word' id='word_1_347' title='bbox 1564 2731 1696 2786; x_wconf 66' lang='lat' dir='ltr'><em>eloyio</em></span> 
     </span>
     <span class='ocr_line' id='line_1_38' title="bbox 130 2801 1697 2862; baseline -0.006 -11"><span class='ocrx_word' id='word_1_348' title='bbox 130 2809 365 2856; x_wconf 73' lang='lat' dir='ltr'><em>obnoxiam,</em></span> <span class='ocrx_word' id='word_1_349' title='bbox 382 2805 672 2862; x_wconf 80' lang='lat' dir='ltr'><em>persuaderet.</em></span> <span class='ocrx_word' id='word_1_350' title='bbox 734 2804 789 2845; x_wconf 80' lang='lat' dir='ltr'><em>ib.</em></span> <span class='ocrx_word' id='word_1_351' title='bbox 814 2805 869 2844; x_wconf 85' lang='grc'>34</span> <span class='ocrx_word' id='word_1_352' title='bbox 892 2818 952 2858; x_wconf 79' lang='lat' dir='ltr'><em>pr.</em></span> <span class='ocrx_word' id='word_1_353' title='bbox 986 2801 1278 2856; x_wconf 72' lang='lat' dir='ltr'><em>transyressio,</em></span> <span class='ocrx_word' id='word_1_354' title='bbox 1303 2815 1412 2856; x_wconf 78' lang='lat' dir='ltr'><em>quae</em></span> <span class='ocrx_word' id='word_1_355' title='bbox 1436 2801 1697 2856; x_wconf 87' lang='lat' dir='ltr'><em>perditionis</em></span> 
     </span>
     <span class='ocr_line' id='line_1_39' title="bbox 131 2871 1696 2927; baseline -0.006 -6"><span class='ocrx_word' id='word_1_356' title='bbox 131 2880 346 2922; x_wconf 74' lang='lat' dir='ltr'><em>humanae</em></span> <span class='ocrx_word' id='word_1_357' title='bbox 378 2891 509 2919; x_wconf 84' lang='lat' dir='ltr'><em>causa</em></span> <span class='ocrx_word' id='word_1_358' title='bbox 545 2880 807 2924; x_wconf 89' lang='lat' dir='ltr'><em>est,...totum</em></span> <span class='ocrx_word' id='word_1_359' title='bbox 839 2874 1049 2915; x_wconf 79' lang='lat' dir='ltr'><em>hominem</em></span> <span class='ocrx_word' id='word_1_360' title='bbox 1082 2872 1213 2927; x_wconf 66' lang='lat' dir='ltr'><em>eloyio</em></span> <span class='ocrx_word' id='word_1_361' title='bbox 1250 2871 1600 2927; x_wconf 70' lang='lat' dir='ltr'><em>transyressionis</em></span> <span class='ocrx_word' id='word_1_362' title='bbox 1631 2873 1696 2912; x_wconf 90' lang='lat' dir='ltr'><em>in-</em></span> 
     </span>
    </p>
   </div>
  </div>
 </body>
</html>
