1975 3306
245 137 324 177 138
822 138 1228 180 TERTVLLIANI

243 257 287 293 et
317 258 424 294 tunc
455 254 625 309 require
656 269 743 309 qua
774 254 863 296 fies.
926 255 985 296 Et
1016 260 1166 296 tamen
1197 254 1367 296 facilius
1398 255 1552 310 utique
1582 255 1658 296 fies
1689 254 1808 310 quod

242 332 365 374 fuisti
395 334 646 388 aliquando,
680 335 783 389 quia
813 349 952 390 aeque
980 350 1069 376 non
1098 334 1271 376 difficile
1300 335 1445 376 factus
1475 349 1520 376 es
1549 335 1667 391 quod
1697 349 1806 376 nun—

242 428 377 468 quam
400 414 522 456 fuisti
546 416 797 470 aliquando.
859 415 1164 465 Dubitabitur,
1190 416 1332 465 credo,
1357 416 1411 457 de
1434 416 1503 457 dei
1526 416 1705 461 uiribus,
1731 416 1806 471 qui

241 500 418 537 tantum
451 511 608 552 corpus
639 497 720 539 hoc
751 498 904 539 mundi
936 498 989 539 de
1021 512 1069 539 eo
1101 498 1220 553 quod
1250 513 1339 539 non
1369 498 1514 539 suerat
1543 512 1632 539 non
1662 498 1807 539 minus

242 591 376 631 quam
414 577 468 618 de
504 583 647 620 morte
683 579 928 620 uacationis
966 584 1010 620 et
1044 579 1275 620 inanitatis
1311 579 1519 634 inposuit,
1559 580 1806 621 animatum

241 658 399 712 spiritu
447 659 644 700 omnium
694 660 941 701 animarum
990 660 1247 710 animatore,
1298 661 1520 716 signatum
1570 666 1615 702 et
1661 660 1806 716 ipsum

241 738 461 780 humanae
485 742 812 782 resurrectionis
837 742 1087 796 exemplum
1111 742 1156 782 in
1181 742 1484 783 testimonium
1509 741 1647 783 uobis.
1710 741 1806 784 Lux

241 820 402 861 cotidie
432 821 665 863 interfecta
696 823 946 877 resplendet
977 828 1022 864 et
1052 823 1259 864 tenebrae
1295 824 1387 878 pari
1425 823 1519 864 uice
1555 823 1806 865 decedendo

240 902 496 952 succedunt,
535 904 676 945 sidera
713 904 924 946 defuncta
961 905 1205 955 uiuescunt,
1244 910 1446 960 tempora
1482 905 1557 946 ubi
1593 904 1808 946 finiuntur

239 981 470 1037 incipiunt,
500 984 668 1025 fructus
696 991 1061 1026 consummantur
1087 991 1131 1026 et
1156 985 1354 1035 redeunt,
1384 991 1500 1027 certe
1526 986 1692 1026 semina
1718 1001 1807 1027 non

238 1063 321 1104 nisi
354 1071 560 1120 corrupta
593 1072 637 1107 et
667 1067 881 1108 dissoluta
912 1067 1142 1108 fecundius
1173 1072 1371 1122 surgunt,
1405 1067 1552 1108 omnia
1584 1067 1806 1122 pereundo

240 1153 486 1197 seruantur,
518 1149 665 1189 omnia
694 1149 748 1190 de
776 1149 959 1190 interitu
986 1149 1295 1190 reformantur.
1358 1149 1423 1190 Tu
1452 1149 1596 1198 homo,
1628 1154 1806 1190 tantum

240 1241 414 1277 nomen,
445 1229 479 1269 si
507 1229 734 1285 intellegas
762 1236 807 1271 te
835 1230 903 1271 uel
932 1230 986 1271 de
1013 1230 1144 1271 titulo
1174 1230 1361 1284 Pythiae
1389 1230 1571 1279 discens,
1602 1230 1807 1271 dominus

241 1309 439 1350 omnium
483 1311 765 1352 morientium
810 1317 854 1352 et
897 1311 1230 1366 resurgentium,
1277 1311 1333 1351 ad
1378 1311 1460 1352 hoc
1503 1311 1710 1361 morieris,
1756 1316 1808 1352 ut

239 1388 419 1440 pereas?
483 1387 762 1443 Ubicumque
794 1389 1011 1430 resolutus
1043 1389 1188 1438 fueris,
1224 1403 1513 1443 quaecunque
1545 1394 1589 1430 te
1622 1389 1806 1430 materia

240 1464 521 1516 destruxerit,
552 1467 759 1517 hauserit,
790 1468 1044 1515 aboleuerit,
1075 1468 1119 1509 in
1147 1468 1332 1509 nihilum
1361 1468 1622 1523 prodegerit,
1652 1469 1808 1510 reddet

241 1552 297 1588 te.
361 1547 467 1589 Eius
500 1553 566 1589 est
597 1549 781 1590 nihilum
813 1550 959 1604 ipsum
992 1550 1114 1591 cuius
1147 1556 1191 1591 et
1222 1556 1382 1591 totum.
1446 1550 1573 1605 Ergo,
1607 1551 1805 1605 inquitis,

239 1643 411 1683 semper
434 1629 710 1672 moriendum
734 1631 817 1672 erit
841 1636 885 1672 et
909 1646 1079 1686 semper
1102 1631 1443 1686 resurgendum?
1507 1631 1550 1672 Si
1574 1632 1638 1672 ita
1661 1646 1805 1672 rerum

240 1711 446 1752 dominus
466 1712 742 1763 destinasset,
764 1713 948 1769 ingratis
968 1713 1222 1768 experireris
1244 1713 1507 1754 conditionis
1528 1718 1631 1754 tuae
1651 1713 1804 1768 legem.

242 1792 302 1833 At
332 1807 449 1834 nunc
476 1808 565 1835 non
596 1794 723 1835 aliter
752 1795 994 1836 destinauit
1025 1809 1159 1849 quam
1191 1795 1476 1849 praedicauit.
1540 1794 1661 1843 Quae
1692 1795 1804 1836 ratio

245 1873 576 1915 uniuersitatem
605 1889 657 1915 ex
685 1875 942 1916 diuersitate
969 1875 1214 1929 conposuit,
1244 1880 1295 1916 ut
1321 1875 1468 1916 omnia
1496 1875 1677 1916 aemulis
1704 1875 1803 1916 sub-

240 1954 417 1995 stantiis
445 1955 526 1996 sub
555 1956 728 1997 unitate
757 1961 1011 1997 constarent
1040 1971 1092 1996 ex
1121 1956 1261 1997 uacuo
1291 1962 1335 1997 et
1362 1956 1513 2006 solido,
1545 1971 1597 1997 ex
1626 1957 1805 1998 animali

241 2040 285 2075 et
318 2036 558 2085 inanimali,
597 2051 649 2077 ex
684 2037 1047 2091 conprehensibili
1083 2043 1127 2078 et
1160 2037 1585 2092 inconprehensibili,
1623 2052 1674 2078 ex
1710 2037 1805 2078 luce

241 2122 286 2157 et
315 2117 518 2167 tenebris,
548 2132 600 2158 ex
629 2118 724 2172 ipsa
754 2119 849 2159 uita
878 2123 923 2159 et
951 2124 1114 2160 morte:
1163 2119 1316 2160 eadem
1346 2133 1506 2160 aeuum
1536 2133 1712 2173 quoque
1740 2119 1804 2160 ita

241 2197 464 2239 destinata
488 2204 532 2240 et
554 2199 764 2240 distincta
787 2199 1041 2241 condicione
1064 2200 1296 2249 conseruit,
1322 2206 1373 2241 ut
1395 2200 1536 2255 prima
1560 2200 1665 2241 haec
1688 2214 1801 2255 pars,

240 2278 296 2319 ab
328 2279 506 2320 exordio
535 2294 680 2320 rerum
710 2295 844 2334 quam
873 2280 1116 2330 incolimus,
1148 2281 1379 2335 temporali
1410 2286 1557 2322 aetate
1586 2281 1642 2321 ad
1672 2280 1803 2321 finem

241 2359 420 2409 defluat,
454 2374 639 2415 sequens
670 2375 786 2411 uero,
821 2376 955 2416 quam
987 2367 1284 2416 expectamus,
1308 2363 1352 2403 111
1369 2362 1587 2403 infinitam
1619 2362 1802 2403 aeterni-

242 2445 381 2480 tatem
398 2446 677 2496 propagetur.
739 2441 848 2483 Cum
865 2456 964 2497 ergo
979 2441 1077 2483 finis
1093 2447 1137 2483 et
1150 2442 1286 2492 limes,
1304 2443 1473 2483 medius
1488 2442 1562 2497 qui
1577 2443 1801 2493 interhiat,

241 2521 445 2571 adfuerit,
490 2527 541 2563 ut
582 2523 715 2563 etiam
757 2523 892 2577 ipsius
934 2524 1087 2565 mundi
1129 2524 1292 2579 species
1333 2523 1625 2564 transferatur
1665 2538 1803 2578 aeque

241 2603 508 2657 temporalis,
531 2618 643 2658 quae
661 2604 721 2644 illi
742 2604 1017 2659 dispositioni
1037 2605 1312 2646 aeternitatis
1332 2605 1472 2645 aulaei
1492 2604 1586 2645 uice
1605 2619 1802 2659 oppansa

242 2690 320 2733 est,
353 2690 459 2725 tunc
490 2685 747 2726 restituetur
777 2700 906 2726 omne
936 2686 1179 2726 humanum
1209 2700 1345 2741 genus
1375 2685 1431 2726 ad
1463 2685 1801 2740 expungendum

241 2765 361 2819 quod
387 2765 431 2806 in
456 2766 541 2807 isto
569 2780 677 2807 aeuo
705 2766 807 2807 boni
834 2781 910 2807 seu
936 2767 1039 2808 mali
1066 2767 1238 2816 meruit,
1268 2773 1313 2808 et
1339 2766 1495 2807 exinde
1520 2766 1803 2821 pendendum

1828 598 1851 629 5

1830 1002 1877 1025 10

1831 1407 1875 1438 15

1828 1811 1874 1833 20

1827 2218 1872 2249 25

1825 2625 1871 2657 30
