1975 3306
269 78 348 119 398
842 76 1250 118 TERTVLLIANI
1477 78 1536 133 [p.
1563 78 1644 119 114
1666 77 1694 120 1.
1719 80 1830 121 29-

268 190 458 232 Studien
493 193 573 232 151
599 206 638 232 n.
664 189 729 233 67.
794 190 913 247 Orig.
937 190 1086 234 Conbr.
1110 190 1221 234 Cels.
1245 203 1333 232 VIII
1358 194 1411 234 :33
1434 192 1504 233 fin.
1570 193 1746 235 Herald.
1776 208 1831 234 on

267 261 428 303 Arnob.
452 272 502 301 IV
524 276 593 317 pp.
620 263 802 302 151-2.

355 346 393 386 p.
422 332 503 371 114
526 331 549 371 l.
575 332 748 372 29—30
780 343 1007 380 QVANTVM
1031 338 1109 374 cet.
1164 331 1300 374 Clem.
1324 333 1447 374 Alex.
1472 333 1711 390 Paedagog.
1739 345 1774 374 ΙΙ
1792 335 1830 375 4.

266 400 354 442 Vit.
389 400 430 442 S.
471 401 682 442 Postumii
723 401 985 456 [Pachomii]
1018 403 1069 457 [c.
1106 402 1355 459 6=Migne
1386 403 1494 445 P.L.
1528 415 1682 445 LXXIII
1717 406 1831 446 4320.

223 487 244 519 5
267 470 317 511 A.
334 469 397 524 8.]
438 485 594 525 panem
629 471 760 512 etiam
790 487 916 513 suum
950 472 1008 514 ad
1039 487 1288 514 mensuram
1321 473 1567 529 accipiebat,
1599 480 1638 516 et
1671 489 1830 530 aquam

265 540 324 581 ad
346 555 589 581 mensuram
620 540 779 582 bibebat
793 557 808 592 ,·
843 557 1078 597 numquam
1104 543 1233 598 pleno
1265 549 1410 586 uentre
1437 559 1463 585 a
1485 559 1631 586 mensa
1651 545 1830 587 recessit.

265 611 486 664 Ambr.(?)
530 612 759 668 [probably
794 612 861 654 De
899 628 986 654 exc.
1025 613 1072 654 fr.
1112 613 1261 670 Satyri
1297 626 1313 655 Ι
1350 613 1369 672 ἓ
1403 617 1457 657 56
1501 631 1583 657 non
1625 631 1830 671 umquam

266 681 605 723 accuratioribus
641 682 782 738 epulis
819 689 894 724 aut
932 684 1136 738 conqestis
1156 684 1344 739 ferculis
1376 685 1605 727 delectatus
1642 691 1712 735 est,
1744 685 1831 727 nisi

266 766 360 793 cum
383 752 541 794 amicos
563 758 761 808 roqaret:
794 759 1003 809 quantum
1034 759 1217 795 naturae
1243 755 1350 796 satis
1379 761 1492 805 esset,
1515 770 1598 797 non
1623 761 1830 812 quantum

203 840 245 863 10
265 823 482 877 uoluptati
512 829 757 878 superesset,
780 825 1009 879 requirens.
1053 824 1104 866 A.
1121 824 1182 879 S]

352 908 390 949 p.
417 895 500 934 114
523 894 546 935 l.
572 896 623 935 31
650 894 721 936 Ad
754 895 881 936 onr.
913 906 947 936 ΙΙ
972 896 998 935 4
1028 896 1124 951 quis
1154 897 1371 938 nocturnis
1393 898 1769 947 conuocationibus‚
1791 899 1831 940 si

263 964 327 1005 ita
359 965 605 1020 oportuerit,
638 981 665 1007 a
698 966 829 1008 latere
858 981 933 1007 suo
966 966 1107 1007 adimi
1138 966 1313 1009 libenter
1333 967 1492 1023 ferat?
1553 968 1731 1010 Hieron.
1754 969 1828 1023 (ad

264 1033 467 1087 Laetam)
498 1035 623 1091 epist.
649 1035 731 1077 107
764 1035 783 1092 ξ
817 1038 882 1086 10,
908 1039 928 1077 1
963 1037 1025 1079 sic
1054 1038 1364 1088 cotiiedat,...ut
1392 1039 1540 1080 statim
1564 1046 1661 1094 post
1689 1039 1829 1082 cibum

255 1105 392 1159 possit
434 1105 567 1160 leqere
603 1120 728 1148 orare
767 1107 967 1161 psallere.
1030 1106 1121 1160 (Ad
1159 1107 1359 1161 Furiam)
1397 1108 1521 1165 epist).
1561 1111 1617 1150 54
1648 1108 1667 1166 ξ
1702 1113 1766 1160 11,
1801 1113 1822 1151 1

201 1189 241 1221 15
262 1176 434 1230 quando
467 1176 660 1227 comedis,
690 1177 840 1232 coqita,
873 1178 986 1233 quod
1016 1179 1161 1220 statim
1195 1179 1272 1220 tibi
1303 1180 1526 1228 orandum,
1560 1181 1659 1223 ilico
1691 1182 1826 1237 leyen-

262 1246 364 1287 dum
395 1247 460 1288 sit.
524 1247 614 1300 (Ad
648 1248 873 1299 Eustoch.)
896 1248 1020 1305 epist.
1045 1251 1097 1290 31
1132 1247 1151 1305 ἓ
1183 1251 1220 1298 3,
1244 1251 1270 1291 3
1303 1250 1367 1291 ita
1399 1250 1477 1291 tibi
1500 1266 1665 1306 semper
1693 1267 1825 1294 come-

260 1316 446 1357 dendum
478 1323 547 1365 est,
570 1323 615 1358 ut
644 1317 781 1359 cibum
811 1325 849 1360 et
875 1319 1013 1361 oratio
1042 1325 1246 1374 sequatur
1272 1325 1310 1361 et
1336 1320 1465 1362 lectio.
1529 1320 1653 1377 Kaye
1676 1336 1714 1377 p.
1738 1323 1825 1363 404

259 1402 298 1429 n.
334 1389 369 1428 5.

347 1473 386 1513 p.
422 1459 504 1498 114
538 1458 562 1499 l.
597 1460 651 1499 33
688 1470 794 1500 POST
826 1458 1053 1515 Scor-piace
1085 1462 1135 1500 11
1177 1460 1234 1517 (p.
1276 1460 1360 1502 170
1397 1461 1421 1501 l.
1456 1463 1510 1501 22
1548 1460 1822 1516 Wiss.)wi1;h

196 1544 240 1566 20
260 1528 455 1570 Oehler’s
486 1535 600 1570 note.

348 1611 509 1648 AQVAM
542 1599 608 1640 De
642 1598 761 1641 Orat.
802 1601 855 1641 13
891 1615 997 1654 quae
1028 1601 1142 1642 ratio
1171 1606 1241 1650 est,
1272 1601 1469 1642 munibus
1499 1602 1669 1657 quidem
1701 1603 1822 1644 ablu-

257 1671 323 1719 tis,
370 1671 527 1725 spiritu
576 1685 675 1711 uero
722 1670 925 1719 sordente,
963 1672 1197 1713 orationem
1245 1672 1368 1721 obire,
1417 1673 1587 1728 quando
1630 1680 1667 1716 et
1713 1674 1822 1730 ipsis

256 1741 454 1782 manibus
494 1740 715 1796 spiritales
763 1741 1005 1783 munditiae
1051 1742 1137 1783 sint
1187 1743 1543 1785 necessariae....?
1593 1744 1671 1786 liae
1721 1751 1821 1787 sunt

260 1826 384 1852 uerae
421 1811 674 1858 munditiae,
717 1825 799 1851 non
841 1826 947 1866 quas
981 1812 1179 1867 plerique
1220 1813 1511 1868 superstitiose
1553 1820 1717 1864 curant,
1761 1814 1820 1856 ad

193 1894 235 1925 25
259 1897 422 1924 omnem
452 1882 700 1930 orationem,
723 1882 853 1923 etiam
876 1897 970 1924 cum
1001 1897 1028 1923 a
1059 1883 1235 1924 lauacro
1266 1884 1394 1924 totius
1422 1884 1612 1939 corporis
1635 1884 1818 1934 ueniunt,

257 1967 415 2007 aquam
437 1957 654 1993 sumentes.
715 1951 762 1992 icl
794 1967 887 1993 cum
920 1952 1214 2007 scrupulosius
1237 1959 1513 2007 percontarer
1539 1959 1576 1995 et
1603 1954 1816 1996 rationem

254 2023 525 2077 requirerem,
569 2022 755 2077 comperi
796 2023 1234 2064 commemorationem
1286 2038 1372 2065 esse
1417 2023 1615 2065 Pilatum
1664 2039 1818 2066 manus

255 2093 436 2134 abluisse
461 2093 507 2133 in
530 2092 695 2134 domini
716 2092 938 2134 deditione.
991 2108 1066 2134 nos
1087 2093 1309 2135 dominum
1331 2093 1576 2145 adoramus,
1590 2110 1674 2136 non
1696 2095 1814 2139 dedi-

254 2178 360 2213 mus,
378 2164 507 2204 immo
530 2168 567 2203 et
589 2162 820 2203 aduersari
841 2161 1035 2203 debemus
1057 2163 1264 2204 deditoris
1285 2164 1473 2218 exemplo
1495 2179 1567 2205 nec
1583 2170 1815 2220 propterea

191 2248 236 2278 30
255 2248 409 2274 manus
442 2232 623 2280 abluere,
645 2232 733 2274 nisi
762 2232 808 2274 ob
831 2232 1007 2288 aliquod
1029 2233 1364 2275 conuersationis
1384 2233 1596 2276 hmnanae
1616 2235 1814 2290 inquina-

253 2309 440 2344 mentum
492 2302 769 2343 conscientiae
820 2317 950 2343 causa
1003 2302 1206 2345 lauemus.
1269 2302 1323 2343 In
1366 2303 1441 2344 bhe
1482 2304 1717 2361 panegyric
1759 2319 1814 2346 on

253 2371 641 2428 church-building
688 2372 921 2413 addressed
963 2379 1008 2414 to
1052 2372 1262 2414 Paulinus
1306 2373 1365 2429 bp
1406 2374 1454 2414 of
1489 2374 1600 2429 Tyre
1635 2375 1813 2428 (Euseb.

254 2442 369 2484 Hist.
395 2442 504 2483 Ecol.
530 2454 559 2482 x
582 2443 609 2482 4
631 2440 649 2498 ξ
671 2442 747 2492 40)
780 2442 856 2483 the
885 2441 1048 2483 atrium
1072 2457 1157 2484 was
1186 2442 1456 2484 surrounded
1486 2443 1591 2485 with
1619 2444 1812 2500 porches,

256 2512 379 2568 ἱερῶν
414 2511 447 2555 δ’
472 2513 662 2555 ἐνταῦθα
695 2513 952 2569 καθαρσίων
985 2512 1121 2555 ἐτίθει
1154 2511 1383 2566 σύμβολα,
1410 2513 1571 2569 κρήνας
1604 2512 1812 2570 ἄντικρυς

190 2593 232 2625 35
254 2583 312 2627 εἰς
349 2581 597 2638 πρόσωπον
631 2582 938 2634 ἐπισκευάζων
972 2585 1049 2623 τοῦ
1084 2582 1176 2633 νεώ,
1213 2585 1376 2640 πολλῷ
1409 2582 1472 2639 τῷ
1507 2582 1698 2640 χεύματι
1733 2587 1811 2627 τοῦ

253 2653 444 2706 νάματος
477 2655 567 2695 τοῖς·
597 2650 857 2708 περιβόλων
888 2651 1012 2707 ἱερῶν
1044 2653 1117 2694 ἐπὶ
1147 2651 1202 2694 τὰ
1225 2652 1314 2694 ἔσω
1337 2656 1548 2709 προϊοῦσι
1570 2653 1650 2706 τὴν
1673 2652 1809 2710 α’πόρ-

251 2725 395 2777 ρυψιν
413 2722 733 2778 παρεχομένας.
765 2722 902 2764 called
925 2722 1068 2779 φρέαρ
1091 2722 1205 2764 Socr.
1232 2723 1348 2765 Hist.
1370 2723 1479 2765 Eccl.
1504 2735 1539 2764 II
1559 2725 1614 2765 38
1637 2724 1808 2780 (Migne

251 2792 294 2833 P.
319 2792 367 2833 G.
392 2803 523 2833 LXVII
547 2794 687 2845 3:322);
719 2792 950 2834 cantharus
969 2793 1134 2835 Paulin.
1159 2792 1256 2835 Nol.
1281 2808 1347 2849 ep.
1369 2795 1423 2835 32
1446 2793 1520 2847 (ad
1542 2793 1662 2850 Sulp.
1687 2793 1809 2849 Seu.)
