1975 3306
141 156 185 197 p.
212 143 263 184 36
287 141 314 184 1.
339 142 381 195 9]
622 140 1067 184 APOLOGETIOVS
1101 144 1139 192 9,
1179 145 1230 184 10
1624 145 1703 184 211

148 273 219 300 uos
240 257 378 300 dicere
403 273 657 313 quemquam
687 273 737 299 ea·
764 258 802 298 is
830 257 1001 299 atheum
1027 257 1319 314 irreliqiosum
1348 259 1606 314 sacrileyum
1634 260 1710 315 qui

144 328 241 370 deos
272 344 357 371 esse
388 329 556 370 omnino
590 334 665 370 aut
699 334 845 383 neyent
877 334 952 370 aut
983 328 1182 377 dubitent,
1215 335 1290 371 aut
1321 330 1395 385 qui
1426 344 1492 371 eos
1522 329 1708 372 homines

129 399 276 455 fuisse
297 398 549 441 contendant
570 404 607 439 et
628 398 851 453 potestatis
874 398 1059 439 alicuius
1081 404 1118 440 et
1141 399 1285 440 meriti
1309 414 1440 441 causa
1462 399 1639 442 deorum
1660 400 1707 441 in

142 485 368 511 numerum
404 469 573 519 relatos,
610 484 705 511 cum
741 469 780 510 si
814 484 966 510 uerum
992 469 1079 524 fiat
1116 475 1241 524 atque
1277 468 1484 511 habeatur
1519 485 1706 521 examen,

142 540 281 582 nullos
304 555 433 595 quam
454 555 528 581 uos
549 540 689 595 mayis
710 538 956 581 huiusmodi
970 554 1060 594 par
1080 539 1135 581 sit
1157 539 1519 596 appellationibus
1546 556 1705 582 nuncu-
1727 560 1745 591 5

136 611 256 666 pari,
280 611 353 666 qui
374 610 448 652 sub
469 610 603 665 specie
626 609 821 651 cultionis
843 609 942 663 plus
963 610 1009 650 in
1031 624 1097 651 eos
1118 609 1328 664 ingyeratis
1356 609 1706 652 maledictionum

140 687 181 723 et
203 681 443 729 criminum,
466 695 595 735 quam
615 680 654 721 si
676 685 820 735 aperte
840 679 914 721 hoc
931 678 1084 734 facere
1110 679 1310 735 confessis
1337 680 1706 722 maledictionibus

142 749 466 792 combibissetis.
528 760 577 789 VI
608 748 660 790 27
686 748 848 790 Minue.
872 763 903 790 e.
928 751 965 790 8.
1028 748 1137 790 Iusta.
1160 749 1284 805 Apol.
1308 761 1323 790 Ι
1347 751 1371 792 6
1394 765 1455 806 pr.
1480 748 1555 792 56¹O
1583 749 1706 792 ἔνθεν

147 821 190 863 δὲ
213 821 287 863 καὶ
310 820 433 863 ἅθεοι
456 819 720 874 κεκλήμεθα.
778 819 850 862 καὶ
875 818 1178 874 ὁμολογοῦμεν
1201 822 1288 862 τῶν
1310 818 1521 863 τοιούτων
1543 826 1705 862 καλου-

139 892 281 946 μένων
305 891 413 934 θεῶν
437 891 556 933 ἄθεοι
578 890 700 932 εἶναι.
754 890 910 932 Euseb.
933 889 1050 931 Hisi.
1070 890 1180 931 Eccl.
1205 902 1254 931 IV
1280 892 1332 931 15
1355 891 1642 946 (marbyrdom
1665 890 1712 931 of
1728 911 1771 933 10

144 962 373 1018 Polycarp)
404 959 423 1018 ἓ
447 963 499 1004 19
531 961 627 1015 (the
650 961 898 1017 proconsul)
926 960 1158 1014 “''Ouoo-ov
1188 959 1268 1013 τὴν
1300 958 1528 1017 Καίσαρος
1551 959 1705 1017 τύχην,

141 1030 429 1086 μετανόησον,
453 1030 612 1074 εἶπον·
668 1029 776 1087 Αἶρε
819 1030 920 1077 τοὺς
962 1029 1153 1077 ἀθέους.”
1236 1028 1257 1073 ὁ
1306 1030 1352 1072 δὲ
1402 1029 1706 1087 Πολύκαρπος

142 1103 354 1158 ἐμβριθεῖ
381 1104 441 1159 τῷ
470 1101 700 1157 προσώπῳ
732 1101 791 1146 εἰς
820 1101 971 1143 πάντα
1000 1099 1076 1143 τὸν
1101 1100 1243 1157 ὄχλον
1270 1099 1346 1143 τὸν
1375 1100 1420 1142 ἐν
1449 1101 1509 1155 τῷ
1538 1098 1705 1156 σταδίῳ

142 1173 399 1228 ἐμβλέψας,
432 1171 668 1218 ἐπισείσας
700 1171 848 1215 αὐτοῖς
881 1170 960 1224 τὴν
992 1173 1133 1228 χεῖρα,
1167 1171 1385 1224 στενάξας
1417 1188 1464 1212 τε
1496 1171 1571 1212 καὶ
1605 1170 1707 1212 ἀνα-

145 1245 336 1300 βλέψας
369 1243 429 1288 εἰς
461 1242 536 1285 τὸν
568 1240 764 1299 οὐρανόν,
788 1240 922 1291 εἶπεν,
944 1241 1055 1298 Αἶρε
1084 1239 1185 1286 τοὺς
1216 1239 1383 1286 ἀθέους.
1447 1240 1539 1281 The
1568 1240 1707 1282 crowd
1729 1259 1770 1290 15

145 1314 232 1355 had
254 1314 382 1363 cried,
403 1311 422 1370 ξ
444 1315 482 1363 6,
506 1312 613 1369 Αἶρε
636 1311 736 1357 τοὺς
761 1311 934 1357 ἀθέους·
973 1310 1190 1364 ζητείσθω
1217 1309 1533 1366 Πολύκαρπος.
1585 1311 1634 1353 cf.
1658 1323 1708 1352 IV

149 1387 203 1427 13
225 1383 244 1441 ἓ
266 1387 303 1426 3.

235 1466 497 1496 SACRIFICIA
541 1454 654 1495 Acta
697 1453 825 1494 Marta.
869 1452 1032 1493 Iustini
1074 1467 1106 1494 c.
1148 1454 1169 1492 1
1216 1451 1332 1492 ὥστε
1376 1449 1535 1495 αὐτοὺς
1577 1450 1706 1504 duay-

145 1525 363 1578 κάζεσθαι
406 1523 612 1566 σπένδειν
649 1525 739 1568 τοῖς
781 1520 986 1575 ματαίοις
1019 1521 1232 1567 εἰδώλοις.
1309 1536 1342 1562 c.
1386 1524 1409 1562 5
1450 1519 1709 1566 Ῥουστικὸς

150 1595 344 1652 ἔπαρχος
386 1594 502 1637 εἶπε·
555 1593 614 1636 Τὸ
655 1592 818 1636 λοιπὸν
860 1592 1058 1645 ἔλθωμεν
1100 1593 1159 1637 εἰς
1196 1591 1245 1634 τὸ
1299 1589 1587 1648 προκείμενον
1634 1592 1708 1632 καὶ
1728 1612 1773 1633 20

149 1669 410 1720 κατεπεῖὙον
437 1667 636 1721 πρᾶνγμα.
699 1663 987 1707 συνελθόντες
1009 1662 1085 1705 οὖν
1114 1659 1396 1715 ὁμοθυμαδὸν
1426 1660 1593 1704 θύσατε
1619 1665 1709 1705 τοῖς

150 1735 487 1780 θεοῖς....«Ϊι]5ῒ,ἱΠ
520 1734 691 1775 refused
725 1733 810 1774 and
844 1748 888 1774 so
924 1732 999 1774 the
1034 1732 1160 1774 other
1191 1737 1377 1787 martyrs
1410 1730 1503 1772 said
1540 1731 1654 1772 ποίει
1688 1729 1710 1771 ὃ

152 1806 303 1850 θέλεις.
365 1805 486 1858 ἡμεῖς
519 1802 604 1858 Γγὰρ
638 1801 906 1859 Χριστιανοί
939 1802 1085 1854 ἐσμεν,
1116 1801 1190 1843 καὶ
1224 1799 1424 1845 εἰδώλοις
1457 1799 1506 1842 οὐ
1541 1798 1709 1853 θύομεν.

143 1873 408 1920 ““Ρουστικὸς
456 1874 653 1929 ἔπαρχος
705 1871 963 1928 ἀπεφήνατο
1003 1870 1166 1926 λέγων·
1220 1869 1282 1912 Οἱ
1316 1868 1375 1924 μὴ
1416 1868 1712 1921 βουληθέντες

154 1946 286 1988 θῦσαι
315 1947 406 1989 τοῖς
437 1944 550 1988 θεοῖς
580 1942 654 1985 καὶ
687 1942 800 1996 εἶξαι
831 1944 892 1998 τῷ
924 1944 1001 1983 τοῦ
1033 1941 1360 1997 αὐτοκράτορος
1392 1938 1710 1996 προστάγματι
1730 1960 1773 1990 25
1797 1946 1805 1956 “

152 2014 511 2071 μαστινγωθέντΕς
543 2013 900 2070 α’παχθήτωσαν.

241 2101 279 2142 p.
313 2087 367 2127 36
400 2085 424 2126 l.
459 2084 481 2126 7
517 2094 788 2124 IMPENDITIS
820 2083 927 2124 Idol.
961 2084 985 2124 6
1023 2097 1062 2138 p.
1096 2083 1150 2123 36
1184 2081 1208 2123 l.
1242 2083 1266 2122 5
1301 2079 1427 2121 Wiss.
1458 2094 1531 2121 nec
1563 2078 1711 2119 anima

147 2155 326 2212 pecudis
356 2155 561 2210 impensa,
591 2153 663 2195 sed
695 2154 845 2195 anima
877 2159 962 2195 tua.

242 2240 280 2281 p.
305 2226 358 2266 36
382 2225 407 2265 l.
431 2226 456 2264 8
479 2234 591 2272 QVIA
611 2240 618 2264 :
649 2237 734 2278 qua
755 2223 938 2264 Ashbon.
977 2268 980 2271 ⁴

243 2309 282 2350 p.
315 2295 369 2335 36
402 2294 428 2334 l.
460 2295 484 2335 9
518 2303 779 2334 SACR1LEG11
813 2294 836 2332 2
870 2307 930 2348 pr.
960 2306 1109 2334 nomen
1141 2289 1379 2332 homicidae
1410 2289 1479 2330 uel
1509 2288 1711 2343 sacrileyi
1730 2311 1776 2342 30

155 2364 223 2405 uel
239 2363 403 2419 publici
424 2362 553 2404 hostis
574 2365 639 2415 (ut
661 2361 710 2403 de
733 2361 888 2402 nostris
910 2361 1057 2416 eloyiis
1075 2360 1259 2415 loquar).
1312 2358 1368 2399 ib.
1390 2357 1500 2399 med.
1519 2357 1578 2399 sic
1600 2358 1711 2399 enim

150 2431 524 2475 soletis...laniari
563 2430 704 2472 iubere
743 2430 1011 2484 sacrilegum,
1053 2430 1092 2470 si
1135 2428 1323 2484 confiteri
1356 2427 1710 2482 perseueraueru.

157 2502 212 2543 ad
241 2501 364 2558 Scap.
396 2504 420 2542 2
451 2507 591 2543 tamen
620 2515 705 2549 nos,
735 2515 835 2555 quos
862 2500 1092 2554 sacrilegos
1120 2498 1385 2547 ewistimatis,
1413 2512 1485 2538 nec
1515 2497 1562 2537 in
1583 2496 1710 2552 furto

159 2587 360 2627 umquam
401 2570 744 2626 deprehendistis,
788 2570 941 2611 nedum
987 2570 1033 2610 in
1072 2569 1310 2624 sacrileyio.
1386 2582 1525 2609 omnes
1570 2572 1710 2608 autem

154 2641 231 2696 -qui
263 2640 422 2695 templa
456 2640 692 2695 despoliant
725 2645 762 2681 et
790 2654 873 2694 per·
909 2638 1005 2680 deos
1036 2639 1185 2680 iurant
1220 2644 1258 2679 et
1294 2637 1458 2679 eosdem
1494 2637 1642 2685 colunt,
1674 2642 1712 2678 et
1733 2659 1775 2689 35

163 2710 399 2752 Christiani
427 2726 509 2752 non
535 2716 632 2751 sunt
660 2715 698 2751 et
724 2709 926 2763 sacrileyi
956 2718 1097 2750 tamen
1125 2708 1505 2763 deprehenduntur.
1568 2705 1710 2747 Rufin.

101 2829 103 2832 y
158 2781 276 2822 Hist.
300 2781 411 2821 Eccl.
434 2792 483 2821 IV
507 2783 559 2821 15
582 2778 602 2836 ἓ
624 2782 690 2821 18.
750 2779 803 2820 de
828 2779 1060 2834 Polycarpo
1083 2779 1246 2832 (Hav.).

250 2861 559 2892 CONVENIMVR
591 2853 644 2892 31
670 2850 694 2891 f.
716 2865 756 2891 n.
818 2850 872 2890 ad
898 2855 986 2891 nat.
1015 2861 1031 2890 1
1063 2850 1113 2890 17
1145 2864 1183 2905 p.
1207 2850 1261 2890 89
1291 2848 1315 2889 1.
1348 2849 1402 2888 12
1433 2846 1558 2887 Wiss.
1587 2845 1710 2886 uani-

1473 2934 1602 2970 14-2
