1975 3306
131 128 172 170 p.
198 113 302 156 901.
333 113 370 166 1]
649 109 1093 153 APOLOGETICVS
1128 112 1180 151 25
1613 111 1695 152 335

133 241 240 268 'uasa
258 227 450 281 ipsorum
464 225 789 280 sacrificiorum,
808 239 858 266 ac
870 224 1144 280 piaculormn
1162 230 1199 266 et
1217 229 1411 266 uotorum
1429 225 1694 268 curiositates

134 295 463 344 consideramus,
495 310 630 336 nonne
663 294 891 350 manifeste
925 293 1122 335 diabolus
1157 294 1449 336 morositatem
1483 294 1696 337 Iudaicae

135 366 239 421 leyis
270 365 466 407 imitatus
496 366 586 407 est?
649 364 736 407 Cio.
761 365 867 420 Rep.
893 376 926 405 11
960 379 992 406 e.
1019 367 1071 404 14
1103 362 1123 421 ἓ
1146 366 1211 406 26.
1274 364 1341 405 De
1364 364 1469 407 Nat.
1492 365 1617 407 Deor.
1642 377 1694 406 III

133 435 153 492 ξ
189 437 255 476 43.
319 435 416 476 qu.
460 437 484 476 6
523 437 607 476 343
650 450 690 476 n.
726 434 1041 490 [unpublished
1084 433 1214 488 A.S.].
1277 434 1465 476 Lasaulx
1507 435 1695 477 StudIen

135 521 172 562 p.
201 508 281 547 135
305 521 344 547 n.
370 507 464 547 214.
499 508 579 546 211
606 521 645 547 n.
670 508 735 547 58.
800 505 1049 561 Schwegler
1071 517 1086 545 I
1112 507 1191 546 541
1217 520 1257 546 n.
1281 508 1317 547 4.
1719 523 1738 554 5

225 587 460 617 CONCEPTA
494 591 526 617 c.
550 578 605 617 38
638 590 767 630 aeque
788 575 1038 630 spectaculis
1058 575 1212 616 uestris
1240 574 1287 615 in
1312 580 1480 616 tantum
1507 575 1697 617 renunti-

137 662 272 695 amus,
290 647 334 688 in
357 652 563 701 quantum
586 645 824 700 oriqinibus
847 660 1002 693 eorum,
1025 660 1131 700 quas
1152 645 1309 686 scimus
1331 644 1382 686 de
1402 644 1699 700 superstitione

138 723 368 773 conceptas.

228 799 497 829 CVRIOSITAS
530 787 642 843 Aug.
673 786 740 827 De
763 785 857 828 Ciu.
883 785 966 826 Dei
990 797 1057 825 vn
1082 787 1136 826 35
1159 786 1194 838 (Ι
1219 787 1303 826 319
1328 787 1374 838 2)
1395 785 1437 826 in
1462 785 1544 827 illa
1566 786 1700 840 iqitur

139 858 443 915 hydromantia
478 857 794 899 curiosissimus
827 871 901 897 rea‘
932 856 1007 898 ille
1041 855 1263 897 Romanus
1297 862 1335 897 et
1371 871 1498 898 sacra
1534 856 1701 905 didicit,
1724 871 1765 894 10

141 944 246 985 quae
279 929 321 969 in
362 927 485 969 libris
517 927 607 968 suis
638 927 859 982 pontifices
896 926 1103 973 haberent,
1146 932 1183 967 et
1217 941 1364 967 eorum
1398 941 1561 975 causas,
1595 941 1702 982 quas

137 1006 316 1056 praeter
350 1014 392 1041 se
426 998 633 1041 neminem
670 998 779 1040 scire
811 997 959 1038 uoluit.
1022 1001 1148 1052 ‘very
1180 996 1297 1037 rare’
1335 997 1377 1049 (1
1415 995 1502 1039 Cio.
1528 999 1551 1037 2
1584 997 1699 1038 Tert.

147 1075 162 1112 1
195 1070 402 1123 Macrob.)
431 1069 510 1111 LS.
563 1068 647 1110 add
676 1068 731 1109 ad
763 1073 849 1109 nab.
882 1079 917 1108 ΙΙ
945 1069 968 1108 2
1002 1082 1040 1123 p.
1065 1069 1118 1109 95
1152 1068 1176 1108 l.
1207 1068 1261 1108 20
1293 1067 1416 1108 Wiss.
1448 1069 1474 1108 4
1502 1067 1572 1108 fin.
1635 1067 1702 1108 De

144 1140 260 1183 Cult.
284 1140 403 1182 Fem.
426 1151 442 1180 I
476 1143 511 1181 2.
574 1139 645 1180 Ad
677 1139 805 1180 onr.
830 1150 863 1179 II
889 1142 924 1178 5.
987 1137 1053 1179 De
1087 1137 1236 1180 Idolol.
1261 1139 1285 1179 9
1308 1153 1348 1194 p.
1371 1140 1426 1179 38
1450 1138 1472 1179 l.
1499 1141 1549 1178 11
1576 1137 1701 1179 Wiss.

145 1211 211 1253 De
236 1211 421 1252 Praesor.
441 1210 571 1251 Haer.
588 1213 614 1251 8
637 1224 697 1265 pr.
717 1211 770 1249 14
792 1224 853 1264 pr.
917 1208 1046 1264 Apul.
1066 1208 1244 1249 Metam.
1270 1220 1284 1248 I
1310 1210 1363 1249 12
1381 1208 1452 1249 fin.
1487 1220 1541 1250 III
1566 1210 1620 1249 14
1641 1224 1703 1265 pr.
1727 1223 1768 1254 15

145 1293 175 1321 V
201 1284 264 1323 15.
291 1282 354 1323 19.
381 1283 435 1323 20
467 1280 537 1321 fin.
563 1282 628 1321 21.
692 1291 743 1320 IX
768 1280 832 1320 13.
896 1290 946 1319 XI
972 1281 1037 1319 15.
1062 1280 1115 1318 22
1138 1278 1210 1320 fin.
1234 1280 1299 1320 23.
1362 1277 1464 1332 [See
1493 1278 1617 1320 Thes.
1642 1279 1706 1319 for

147 1366 277 1407 many
300 1365 428 1391 more.
481 1349 598 1403 ΑΒ]

236 1430 775 1461 NONDVM...SIMVLACRIS
805 1418 871 1460 De
902 1418 1050 1459 Idolol.
1080 1420 1105 1459 3
1129 1433 1189 1474 pr.
1236 1418 1402 1459 idolum
1432 1418 1705 1473 aliquamdiu

146 1496 259 1532 retro
296 1505 380 1531 non
411 1495 513 1531 erat.
569 1489 830 1544 priusquam
863 1488 990 1529 liuius
1021 1487 1201 1529 monstri
1235 1487 1420 1542 artifices
1454 1487 1706 1536 ebullissent,

147 1560 239 1602 sola
260 1561 421 1616 templa
442 1566 479 1603 et
500 1574 663 1602 uacuae
685 1559 810 1601 aedes
832 1565 964 1608 erant,
986 1559 1094 1600 sicut
1116 1559 1162 1599 in
1183 1558 1433 1600 hodiernum
1452 1557 1707 1613 quibusdam
1727 1574 1770 1596 20

150 1631 251 1673 locis
272 1631 494 1683 uetustatis
515 1630 699 1684 uestiqia
720 1635 983 1685 permanent.
1047 1635 1184 1671 tamen
1213 1628 1469 1670 idololatria
1491 1628 1707 1684 aqebatur,

149 1717 231 1743 non
253 1701 299 1742 in
320 1701 399 1742 isto
416 1701 594 1749 nomine,
612 1700 684 1742 secl
706 1700 752 1741 in
768 1700 847 1741 isto
865 1715 995 1755 opere.
1048 1715 1149 1741 nam
1167 1706 1205 1741 et
1225 1699 1348 1741 hodie
1365 1705 1486 1741 eoetra
1503 1699 1708 1755 templum

151 1778 187 1814 et
211 1772 302 1826 sine
329 1771 441 1813 idolo
471 1771 544 1825 aqi
563 1776 709 1826 potest.
771 1775 816 1811 at
838 1769 909 1811 ubi
931 1769 1117 1824 artifices
1137 1775 1381 1811 statuarum
1405 1774 1442 1810 et
1467 1768 1708 1823 imaqinum

151 1849 189 1884 et
207 1843 342 1884 omnis
359 1842 526 1897 yeneris
542 1841 875 1894 simulacrorum
893 1840 1089 1882 diabolus
1109 1839 1272 1881 saeculo
1293 1839 1452 1888 intulit,
1469 1839 1574 1881 rude
1595 1838 1710 1880 illud

151 1913 365 1969 neqotium
386 1913 598 1954 humanae
620 1912 883 1954 calamitatis
906 1917 943 1953 et
973 1925 1118 1952 nomen
1141 1910 1192 1952 de
1213 1910 1344 1951 idolis
1369 1915 1630 1952 consecutam
1652 1915 1710 1951 est
1730 1926 1747 1948 2
1754 1926 1772 1958 5

154 1989 191 2026 et
206 1982 458 2039 profectum.
504 1982 616 2024 Plu‘o.
639 1981 790 2023 Numa
812 1984 849 2023 8.
898 1980 1033 2022 Varro
1056 1980 1098 2021 in
1124 1980 1236 2036 Aug.
1260 1979 1326 2021 De
1350 1978 1445 2022 Ciu.
1463 1979 1547 2020 Dei
1570 1991 1620 2020 IV
1643 1981 1709 2021 31.

156 2053 237 2096 Ou.
267 2053 384 2094 Fast.
406 2064 456 2093 VI
480 2054 664 2094 295-8,
717 2052 837 2092 More
866 2051 912 2092 in
942 2049 1198 2105 Marquardt
1232 2060 1285 2089 III
1313 2052 1335 2090 5
1359 2064 1401 2090 n.
1426 2051 1460 2092 1.
1522 2048 1709 2090 Lasaulx

158 2126 241 2166 109
263 2139 303 2165 n.
327 2125 393 2165 40.
419 2124 660 2164 110-111.
722 2136 854 2177 supra
875 2136 906 2162 c.
932 2122 984 2162 16
1007 2135 1062 2161 no
1085 2119 1228 2174 image
1250 2118 1294 2159 in
1319 2118 1394 2159 the
1416 2118 1607 2174 Temple.

245 2208 283 2249 p.
318 2194 372 2233 88
415 2192 438 2233 l.
473 2193 527 2233 36
573 2203 714 2232 FRVGI
756 2201 944 2231 RELIGIO
987 2201 1043 2230 ET
1084 2200 1320 2230 PAVPERES
1367 2199 1501 2228 RITVS
1563 2188 1708 2230 Numa

151 2278 323 2319 pauper
344 2262 472 2303 Mart..
495 2273 546 2302 XI
570 2263 594 2302 5
619 2263 655 2302 2.
719 2260 826 2301 Plin.
851 2271 973 2300 XVIII
1005 2261 1040 2300 2.
1066 2261 1089 2299 2
1119 2257 1138 2315 ξ
1161 2258 1183 2299 7
1218 2258 1368 2299 Numa
1399 2258 1584 2299 instituit
1615 2257 1712 2299 deos
1731 2277 1776 2309 30

148 2332 283 2389 fmcye
306 2332 438 2374 colere
459 2337 497 2372 et
517 2331 633 2372 mola
653 2330 772 2372 salsa
793 2330 1047 2385 supplicare.

249 2412 492 2443 CAPITOLIA
525 2400 684 2441 Arnob.
714 2411 730 2440 I
754 2402 818 2440 34.

249 2487 286 2527 p.
315 2473 369 2513 90
402 2470 426 2511 l.
455 2472 476 2510 1
511 2480 780 2510 TEMERARIA
812 2480 872 2509 DE
903 2479 1120 2509 CAESPITE
1153 2478 1352 2507 ALTARIA
1386 2466 1483 2507 Iun.
1513 2469 1565 2507 12
1600 2469 1712 2508 2-3

149 2541 292 2598 festus
314 2541 532 2597 promissa
561 2539 650 2581 deis
672 2539 888 2580 animalia
918 2552 1083 2592 caespes
1111 2541 1307 2591 eapectat.
1370 2535 1518 2577 Lucan
1550 2549 1598 2577 IX
1630 2539 1713 2579 988

162 2611 294 2653 erexit
328 2610 488 2652 subitas
523 2615 715 2663 conyestu
752 2608 948 2662 caespitis
982 2621 1094 2648 aras.
1158 2606 1289 2661 Apul.
1327 2605 1506 2648 Metam.
1542 2617 1610 2647 VII
1650 2609 1713 2648 10.
1736 2619 1778 2650 35

163 2679 340 2734 βωμοὺς
392 2677 707 2733 αὐτοσχεδίους
758 2676 934 2732 Dionys.
988 2674 1209 2716 Halicarn.
1260 2674 1345 2715 and
1398 2674 1624 2716 Iamblich.
1671 2674 1716 2715 in

166 2749 336 2791 Oehler.

253 2830 372 2860 VASA
414 2818 527 2859 Pers.
570 2829 605 2858 II
649 2817 820 2858 59—60
864 2830 1020 2857 aurum
1067 2829 1174 2856 uasa
1216 2813 1388 2856 Numae
1430 2814 1718 2871 Saturniaque
