1975 3306
269 190 322 229 54
846 185 1251 227 TERTVLLIANI

268 303 485 359 negabitis
508 308 552 344 et
574 303 773 343 iumenta
796 301 943 342 omnia
967 306 1012 342 ct
1034 305 1154 342 totos
1177 301 1425 343 cantherios
1449 315 1549 342 cum
1572 315 1651 342 sua
1674 300 1832 356 Epona

269 382 349 423 coli
386 396 411 422 a
446 381 585 422 uobis.
646 380 744 421 Hoc
779 379 965 420 forsitan
1000 378 1300 433 inprobamur‚
1340 379 1458 434 quod
1493 379 1608 420 inter
1643 378 1832 420 cultores

268 460 464 501 oninium
495 458 714 514 pecudum
745 458 1075 512 bestiarumque
1106 458 1281 499 asinarii
1312 462 1490 499 tantum
1521 471 1685 499 sumus.
1747 456 1831 498 Sed

269 544 313 580 et
350 538 425 593 qui
463 537 601 578 crucis
638 551 717 577 nos
754 536 975 591 religiosos
1012 540 1157 591 putat,
1198 549 1512 577 consecraneus
1550 535 1632 577 erit
1668 540 1829 576 noster.

269 616 377 658 Cum
401 616 567 671 lignum
591 614 770 669 aliquod
793 614 1072 669 propitiatur,
1097 614 1260 656 uiderit
1282 613 1473 664 habitus,
1499 628 1599 655 cum
1622 613 1833 655 materiae
1853 627 1874 659 5

269 695 459 750 qualitas
498 693 651 734 eadem
689 693 758 742 sit,
793 692 955 734 uiderit
992 692 1147 744 forma,
1182 693 1289 734 dum
1320 693 1366 734 id
1396 693 1543 748 ipsum
1575 692 1643 734 dei
1677 706 1834 747 corpus

268 773 338 813 sit.
400 772 460 813 Et
503 776 654 812 tamen
699 776 867 825 quanto
912 771 1199 826 distinguitur
1242 785 1267 812 a
1312 771 1450 812 crucis
1494 770 1645 825 stipite
1689 769 1833 810 Pallas

268 851 431 899 Attica,
464 854 508 890 et
537 849 663 890 Ceres
692 849 865 899 Pharia,
897 863 1010 903 quae
1039 849 1131 890 sine
1161 848 1298 904 effigie
1327 848 1425 890 rudi
1454 848 1554 904 palo
1583 853 1629 889 et
1656 847 1833 889 informi

268 928 384 983 ligno
430 928 661 982 prostant?
724 927 831 968 Pars
872 927 1015 974 crucis
1061 932 1127 968 est
1172 941 1301 968 omne
1345 926 1479 968 robur
1524 926 1643 981 quod
1689 930 1833 966 erecta

269 1007 460 1048 statione
500 1005 717 1061 defigitur.
779 1005 882 1055 Nos,
926 1005 960 1046 si
1001 1005 1126 1055 forte,
1168 1005 1389 1060 integrum
1430 1010 1475 1046 et
1514 1009 1660 1046 totum
1702 1004 1833 1045 deum
1856 1022 1901 1045 10

269 1085 463 1125 colimus.
525 1084 729 1124 Diximus
767 1083 977 1138 originem
1016 1083 1198 1124 deorum
1236 1088 1484 1124 uestrorum
1524 1097 1549 1123 a
1588 1082 1741 1137 plastis
1780 1082 1834 1123 dc

271 1176 395 1203 cruce
416 1161 578 1203 induci.
640 1161 725 1202 Sed
747 1165 792 1202 et
813 1160 1030 1201 Victorias
1052 1160 1259 1211 adoratis,
1285 1175 1384 1201 cum
1406 1161 1451 1202 in
1474 1161 1665 1215 tropaeis
1687 1174 1834 1200 cruces

269 1242 479 1282 intestina
501 1241 589 1282 sint
610 1245 906 1294 tropaeorum.
967 1239 1136 1294 Religio
1158 1239 1462 1280 Romanorum
1483 1244 1580 1280 tota
1602 1238 1834 1280 castrensis

270 1320 393 1375 signa
430 1324 679 1368 ueneratur,
721 1318 844 1373 signa
881 1317 1011 1367 iurat,
1052 1317 1176 1373 signa
1214 1316 1418 1358 omnibus
1457 1316 1548 1358 deis
1586 1316 1831 1372 praeponit.

273 1397 434 1439 Omnes
458 1398 519 1439 illi
544 1397 787 1452 imaginum
813 1401 1043 1451 suggestus
1067 1396 1113 1437 in
1138 1396 1270 1451 signis
1296 1396 1475 1437 monilia
1502 1410 1680 1437 crucum
1706 1400 1832 1444 sunt3
1857 1408 1901 1441 15

271 1476 446 1531 siphara
482 1476 556 1517 illa
593 1475 854 1516 uexillorum
893 1480 937 1516 et
974 1474 1286 1516 cantabrorum
1324 1474 1463 1515 stolae
1500 1488 1678 1515 crucum
1715 1479 1832 1515 sunt.

271 1555 424 1596 Laudo
463 1554 748 1610 diligentiam.
809 1552 1024 1594 Noluistis
1060 1553 1250 1594 incultas
1289 1558 1333 1594 et
1368 1553 1511 1594 nudas
1550 1566 1698 1593 cruces
1735 1566 1833 1593 con-

272 1648 452 1676 secrare.
514 1633 599 1674 Alii
637 1633 767 1688 plane
806 1632 1041 1673 humanius
1080 1637 1124 1673 et
1162 1632 1437 1673 uerisimilius
1476 1632 1610 1673 solem
1650 1631 1835 1672 credunt

272 1713 402 1754 deum
429 1717 643 1754 nostrum.
704 1711 774 1752 Ad
802 1711 968 1760 Persas,
998 1710 1033 1751 si
1060 1710 1186 1760 forte,
1216 1710 1543 1765 deputabimur,
1572 1710 1674 1752 licet
1700 1710 1835 1751 solem

271 1806 359 1832 non
390 1791 435 1832 in
466 1790 602 1832 linteo
635 1789 861 1844 depictum
893 1789 1138 1839 adoremus,
1174 1788 1386 1829 habentes
1418 1789 1562 1843 ipsum
1595 1788 1759 1843 ubique
1791 1789 1835 1829 in
1856 1803 1904 1826 20

272 1883 350 1910 suo
390 1869 556 1923 clypeo.
616 1868 819 1922 Denique
855 1867 958 1908 inde
996 1866 1184 1921 suspicio
1224 1866 1343 1921 quod
1380 1867 1624 1908 innotuerit
1661 1881 1740 1908 nos
1780 1866 1836 1908 ad

273 1947 452 1988 orientis
468 1947 688 2002 regionem
706 1946 885 2001 precari.
947 1945 1031 1986 Sed
1050 1950 1094 1986 et
1111 1945 1306 1999 plerique
1322 1950 1520 1986 uestrum
1537 1944 1836 1986 adfectatione

274 2025 510 2080 aliquando
542 2029 586 2065 et
616 2023 820 2064 caelestia
850 2022 1063 2064 adorandi
1093 2022 1151 2063 ad
1180 2023 1281 2063 solis
1311 2028 1457 2064 ortum
1488 2023 1604 2064 labia
1634 2023 1832 2065 uibratis.

274 2103 424 2157 Aeque
441 2103 476 2144 si
493 2103 609 2144 diem
627 2103 728 2144 solis
745 2102 941 2143 laetitiae
957 2101 1246 2156 indulgemus,
1268 2101 1352 2142 alia
1369 2101 1496 2156 longe
1512 2101 1683 2142 ratione
1701 2115 1835 2156 quam

274 2182 478 2237 religione
502 2182 602 2223 solis
626 2181 817 2222 secundo
841 2181 936 2221 loco
961 2180 1016 2221 ab
1043 2180 1102 2220 eis
1126 2194 1277 2220 sumus
1302 2180 1376 2234 qui
1401 2179 1516 2220 diem
1542 2179 1720 2221 Saturni
1744 2179 1834 2220 otio
1857 2194 1902 2226 25

275 2264 319 2300 et
344 2259 481 2300 uictui
508 2258 751 2299 decernunt
777 2258 1078 2299 exorbitantes
1104 2263 1149 2298 et
1173 2257 1255 2312 ipsi
1282 2271 1307 2298 a
1334 2257 1515 2298 Iudaico
1542 2271 1674 2306 more,
1703 2270 1834 2311 quem

274 2336 491 2391 ignorant.
553 2336 638 2378 Sed
671 2351 788 2377 noua
822 2337 910 2377 iam
946 2336 1015 2377 dei
1049 2335 1188 2377 nostri
1222 2336 1267 2379 in
1301 2335 1386 2377 ista
1421 2335 1619 2391 proxime
1654 2334 1835 2376 ciuitate

276 2415 409 2456 editio
444 2415 669 2469 publicata
703 2419 782 2465 est,
820 2428 872 2455 ex
907 2429 994 2469 quo
1030 2414 1210 2469 quidam
1244 2413 1507 2455 frustrandis
1541 2413 1692 2454 bestiis
1726 2427 1834 2453 mer-

277 2493 474 2534 cenarius
495 2493 652 2534 noxius
676 2493 894 2547 picturam
918 2493 1148 2547 proposuit
1170 2507 1269 2533 cum
1294 2491 1506 2533 eiusmodi
1527 2491 1832 2546 inscriptione:

278 2583 399 2612 DEUS
414 2583 794 2612 CHRISTIANORUM
810 2570 1057 2610 ONOKOI
1068 2553 1259 2611 HTHE.¹
1283 2569 1327 2610 Is
1342 2574 1435 2610 erat
1448 2569 1627 2610 auribus
1641 2568 1832 2619 asininis,
1855 2584 1903 2617 30

278 2648 415 2689 altero
441 2648 552 2702 pede
578 2648 829 2703 ungulatus,
857 2647 1018 2689 librum
1045 2652 1220 2702 gestans
1248 2651 1292 2688 et
1318 2651 1509 2701 togatus.
1570 2646 1764 2688 Risimus
1792 2652 1836 2688 et

276 2740 437 2767 nomen
468 2731 512 2767 et
540 2725 740 2767 formam.
802 2726 886 2767 Sed
915 2725 975 2766 illi
1005 2724 1229 2767 debebant
1257 2724 1439 2766 adorare
1468 2724 1621 2766 statim
1652 2724 1836 2766 biforme

278 2818 454 2854 numen,
495 2803 597 2858 quia
636 2809 680 2845 et
717 2804 872 2845 canino
912 2808 956 2845 et
992 2802 1164 2844 leonino
1203 2802 1347 2857 capite
1384 2802 1659 2852 commixtos,
1700 2807 1744 2844 et
1781 2802 1836 2843 de

279 2894 410 2935 capro
440 2886 485 2922 et
513 2880 566 2921 de
595 2881 730 2922 ariete
759 2886 977 2930 cornutos,
1010 2885 1054 2922 et
1082 2895 1107 2921 a
1135 2879 1296 2921 lumbis
1325 2879 1478 2930 hircos,
1511 2885 1555 2921 et
1583 2894 1608 2921 a
1637 2880 1837 2921 cruribus
