1975 3306
247 129 324 168 136
822 125 1228 167 TERTVLLIANI

243 239 434 289 muliere,
463 244 507 281 et
530 239 575 281 in
601 254 697 280 eam
723 239 974 294 opinionem
999 238 1146 279 omnia
1171 243 1433 293 argumenta
1458 237 1618 293 eloquii
1642 237 1810 278 uirtute

242 329 499 380 distorserit,
524 344 670 371 nonne
693 343 953 371 consensum
977 328 1176 370 mouebit
1199 334 1243 369 et
1264 328 1398 369 fidem
1419 327 1573 383 infiget
1595 327 1730 369 etiam
1752 327 1808 368 ab

240 419 504 461 animalibus
551 419 804 461 abstinendi
850 419 1111 474 propterea?
1174 418 1438 459 Persuasum
1487 418 1584 473 quis
1631 417 1808 467 habeat,

242 522 295 548 ne
330 507 443 548 forte
476 506 689 548 bubulam
724 505 778 547 de
812 505 959 560 aliquo
993 519 1160 560 proauo
1195 519 1273 546 suo
1308 503 1521 546 obsonet?
1600 504 1661 546 At
1695 503 1810 545 enim

243 594 515 635 Christianus
546 593 581 635 si
613 593 666 634 de
698 592 874 634 homine
906 592 1129 634 hominem
1159 592 1393 647 ipsumque
1424 591 1479 632 de
1510 591 1619 633 Gaio
1651 590 1810 633 Gaium

242 681 447 722 reducem
480 680 777 736 repromittat,
814 679 1036 735 lapidibus
1070 679 1221 734 magis,
1258 693 1338 719 nec
1371 678 1519 720 saltim
1554 677 1752 720 coetibus
1786 692 1812 719 a

243 768 405 824 populo
460 768 670 823 exigetur.
733 767 777 809 Si
830 764 1130 822 quaecunque
1171 766 1285 807 ratio
1338 771 1512 821 praeest
1564 766 1812 807 animarum

244 855 539 896 humanarum
570 853 983 909 reciprocandarum
1014 853 1060 894 in
1093 866 1288 907 corpora,
1323 866 1400 893 cur
1430 866 1520 893 non
1549 852 1596 893 in
1628 852 1813 893 eandem

244 942 543 984 substantiam
564 941 761 991 redeant,
785 955 885 1001 cuni
907 941 988 982 hoc
1010 941 1068 982 sit
1093 939 1280 990 restitui,
1303 940 1349 981 id
1376 954 1466 981 esse
1492 940 1612 995 quod
1637 939 1809 981 fuerat?

244 1029 342 1071 Iam
363 1044 452 1070 non
471 1029 592 1084 ipsae
612 1033 718 1070 sunt
738 1042 851 1083 quae
871 1028 1061 1078 fuerant,
1085 1028 1188 1082 quia
1209 1042 1298 1068 non
1319 1033 1562 1082 potuerunt
1583 1041 1674 1068 esse
1695 1027 1813 1083 quod

244 1132 333 1158 non
351 1121 489 1166 erant,
508 1116 590 1157 nisi
607 1115 813 1156 desinant
827 1129 919 1156 esse
932 1114 1051 1170 quod
1068 1114 1258 1156 fuerant.
1320 1114 1471 1155 Multis
1489 1114 1623 1155 etiam
1638 1114 1744 1156 locis
1761 1129 1813 1156 ex

246 1204 336 1245 otio
359 1217 470 1258 opus
492 1203 586 1253 erit,
605 1203 640 1244 si
661 1202 847 1243 uelimus
864 1201 920 1242 ad
943 1201 1056 1242 hanc
1078 1206 1251 1256 partem
1272 1200 1484 1251 lasciuire,
1505 1201 1601 1256 quis
1617 1201 1662 1242 in
1680 1216 1814 1256 quam

246 1290 435 1332 bestiam
461 1289 688 1331 reformari
714 1289 951 1330 uideretur.
1013 1288 1098 1330 Sed
1125 1288 1179 1329 de
1204 1293 1356 1329 nostra
1383 1288 1521 1343 magis
1548 1287 1813 1338 defensione,

247 1378 323 1434 qui
344 1378 630 1433 proponimus
651 1377 791 1418 multo
813 1376 968 1431 utique
989 1376 1162 1431 dignius
1184 1375 1299 1416 credi
1322 1375 1543 1416 hominem
1566 1390 1619 1417 ex
1640 1376 1816 1417 homine

245 1466 505 1515 rediturum,
540 1464 782 1519 quemlibet
813 1478 891 1518 pro
925 1463 1135 1518 quolibet,
1170 1462 1276 1503 dum
1310 1462 1545 1512 hominem,
1580 1467 1632 1503 ut
1663 1462 1815 1503 eadem

247 1553 440 1608 qualitas
464 1551 637 1593 animae
660 1551 703 1592 in
730 1550 914 1591 eandem
938 1554 1261 1591 restauraretur
1285 1549 1596 1598 conditionem,
1624 1549 1704 1590 etsi
1728 1563 1817 1590 non

248 1639 447 1695 effigiem.
509 1638 635 1680 Certe
669 1637 773 1693 quia
805 1637 919 1678 ratio
952 1636 1246 1677 restitutionis
1280 1635 1518 1677 destinatio
1552 1635 1701 1677 iudicii
1736 1640 1815 1685 est,

249 1726 491 1768 necessario
508 1725 626 1766 idem
643 1725 736 1780 ipse
755 1724 830 1779 qui
847 1724 993 1765 fuerat
1012 1722 1303 1772 exhibebitur,
1325 1727 1376 1763 ut
1393 1722 1497 1763 boni
1515 1736 1591 1763 seu
1610 1722 1817 1763 contrarii

249 1813 394 1855 meriti
422 1812 634 1854 iudicium
665 1826 689 1852 a
720 1811 801 1852 deo
831 1810 1006 1851 referat.
1068 1809 1263 1863 Ideoque
1292 1808 1744 1863 repraesentabuntur
1774 1813 1818 1849 et

252 1915 447 1956 corpora,
462 1900 565 1955 quia
579 1912 723 1954 neque
738 1898 831 1953 pati
845 1897 1083 1953 quicquam
1098 1901 1247 1951 potest
1261 1896 1408 1937 anima
1422 1896 1514 1937 sola
1527 1896 1619 1937 sine
1633 1895 1818 1937 materia

251 1988 413 2038 stabili,
438 1987 484 2028 id
507 1992 574 2028 est
598 2001 739 2036 carne,
767 1991 811 2026 et
835 1985 954 2040 quod
978 1984 1156 2025 omnino
1181 1983 1235 2024 de
1258 1983 1419 2024 iudicio
1444 1983 1513 2024 dei
1537 1983 1631 2038 pati
1655 1982 1820 2024 debent

252 2075 438 2124 animae,
468 2088 557 2114 non
583 2073 675 2114 sine
702 2086 831 2113 carne
858 2076 1113 2112 meruerunt
1140 2070 1256 2111 intra
1285 2084 1419 2124 quam
1447 2069 1595 2110 omnia
1623 2074 1817 2124 egerunt.

254 2161 339 2203 Sed
363 2160 598 2216 quomodo,
623 2159 781 2214 inquis,
807 2158 1021 2199 dissoluta
1045 2157 1231 2198 materia
1255 2156 1449 2198 exhiberi
1472 2157 1647 2211 potest?
1711 2155 1820 2196 Con-

254 2248 396 2290 sidera
429 2247 727 2301 temetipsum,
762 2260 787 2286 o
821 2245 966 2294 homo,
1002 2250 1046 2285 et
1078 2244 1211 2285 fidem
1244 2244 1304 2284 rei
1336 2243 1545 2284 inuenies.
1607 2243 1821 2298 Recogita

257 2335 363 2390 quid
392 2334 524 2375 fueris
553 2338 795 2388 antequam
826 2346 950 2372 esses.
1013 2331 1179 2386 Utique
1208 2330 1328 2371 nihil.
1391 2329 1660 2370 Meminisses
1690 2329 1818 2378 enim,

256 2422 291 2463 si
324 2421 430 2476 quid
461 2420 628 2461 fuisses.
691 2418 774 2468 Qui
807 2433 907 2473 ergo
939 2417 1046 2458 nihil
1078 2417 1224 2458 fueras
1255 2417 1512 2471 priusquam
1546 2430 1671 2464 esses,
1705 2415 1821 2456 idem

257 2507 364 2549 nihil
398 2507 543 2548 factus
576 2520 676 2547 cum
710 2519 801 2546 esse
835 2504 1023 2553 desieris,
1061 2517 1137 2544 cur
1169 2517 1257 2544 non
1291 2502 1430 2557 possis
1462 2516 1610 2543 rursus
1645 2515 1736 2542 esse
1769 2500 1823 2542 de

258 2594 393 2635 nihilo
424 2593 617 2634 eiusdem
647 2592 783 2647 ipsius
813 2591 1005 2632 auctoris
1034 2590 1267 2631 uoluntate
1298 2589 1372 2644 qui
1403 2594 1447 2630 te
1477 2588 1619 2629 uoluit
1649 2602 1740 2628 esse
1769 2587 1823 2628 de

259 2680 421 2721 nihilo?
486 2679 601 2729 Quid
620 2679 724 2720 noui
745 2677 826 2719 tibi
847 2677 1046 2718 eueniet?
1111 2676 1193 2726 Qui
1215 2690 1303 2717 non
1324 2689 1430 2724 eras,
1453 2674 1597 2715 sactus
1618 2688 1683 2724 es,
1722 2688 1822 2715 cum

277 2772 421 2808 terum
448 2780 537 2806 non
564 2765 658 2814 eris,
688 2764 776 2805 fies.
839 2763 993 2804 Redde
1019 2763 1054 2804 si
1082 2768 1207 2818 potes
1234 2762 1450 2803 rationem
1478 2775 1566 2815 qua
1593 2760 1738 2801 faetus
1765 2774 1821 2809 es,

1833 610 1852 641 5

1838 1043 1882 1066 10

1839 1475 1882 1506 15

1838 1909 1886 1931 20

1845 2771 1892 2802 30
