1975 3306
154 119 197 161 p.
223 108 277 147 24
299 106 327 149 l.
355 106 423 160 19]
688 104 1134 148 APOLOGETICVS
1168 106 1190 147 7
1643 103 1719 143 187

158 217 500 268 παιδοκτονίαις,
543 218 767 276 μοιχείαις
810 236 858 261 τε
904 218 979 260 καὶ
1022 217 1410 272 εἰδωλολατρείαις
1452 217 1720 259 συντίθεται.

159 287 306 344 Cyrill.
342 289 462 331 Hier.
495 295 576 332 eat.
612 291 664 331 16
700 291 726 330 8
763 286 784 330 ὁ
820 286 1056 333 Μοντανὸς
1091 286 1112 330 ὁ
1147 287 1428 332 ἀθλιώτατος
1462 287 1536 329 καὶ
1570 287 1722 339 πάσης

158 358 441 414 ἀκαθαρσίας
473 359 546 402 καὶ
580 357 819 414 ἀσελγείας
857 358 1204 412 πεπληρωμένος
1240 365 1320 400 cet.
1384 358 1529 400 Rufin.
1560 357 1600 399 h.
1623 373 1657 399 e.
1691 369 1721 398 V

161 430 224 471 16.
251 432 316 471 18.
339 441 406 471 Vn
428 445 467 486 p.
493 432 588 471 188.

266 515 305 556 p.
331 501 431 542 241.
458 503 510 542 15
545 511 692 542 CANES
722 502 748 541 8
780 499 1045 542 discumbens
1076 499 1305 541 dinumera
1339 499 1441 548 loca,
1473 499 1542 541 ubi
1572 505 1722 547 mater,
1741 518 1760 549 5

162 569 231 611 ubi
261 585 407 621 soror;
438 577 538 612 nota
567 571 805 626 diligsenter,
840 576 893 619 ut,
925 586 1020 612 cum
1051 570 1244 612 tenebrae
1274 570 1502 612 ceciderint
1531 570 1722 617 caninae,

160 655 239 682 non
287 655 411 683 erres.
477 641 706 696 piaculum
750 641 864 682 enim
906 641 1147 690 admiseris,
1190 641 1275 682 nisi
1315 641 1519 682 incestum
1548 641 1721 696 feceris.

158 709 243 763 (Cf.
277 711 352 752 the
385 712 538 768 appeal
572 712 620 753 of
650 712 788 753 Marie
820 711 1084 753 Antoinebte
1117 719 1162 753 to
1199 712 1255 752 all
1288 711 1502 762 mothers)
1536 714 1562 752 8
1595 711 1723 752 lower

159 781 283 822 down
317 782 575 824 candelabra
615 789 653 825 et
690 783 898 833 lucernae,
930 789 968 824 et
1003 798 1126 824 canes
1162 783 1302 837 aliqui
1338 788 1376 824 et
1412 782 1580 837 offulae,
1614 798 1722 837 quae

159 852 257 893 illos
285 852 345 893 ad
372 853 631 895 emersionem
654 853 867 894 luminum
889 853 1141 895 estendant:
1175 858 1272 894 ante
1298 852 1443 894 omnia
1464 867 1559 894 cum
1584 859 1721 894 matre
1742 872 1785 895 10

160 928 197 964 et
227 937 371 964 sorore
402 929 477 964 tua
508 923 655 965 uenire
686 923 859 965 debebis.
883 938 996 964 omn.
1028 922 1083 963 ad
1114 928 1202 964 nab.
1237 934 1253 963 Ι
1287 924 1311 963 2
1344 937 1383 978 p.
1418 924 1469 964 61
1506 924 1561 964 20
1595 923 1722 966 Wiss.

161 992 323 1034 Minue.
347 994 371 1035 9
400 991 419 1049 ξ
449 995 473 1035 6
506 994 598 1036 illic
624 1000 722 1049 post
753 994 913 1036 ‘multas
944 994 1104 1049 epulas,
1136 992 1210 1034 ubi
1240 993 1486 1035 conuiuium
1518 994 1654 1036 caluit
1685 1001 1723 1036 et

161 1062 342 1104 incestae
370 1062 579 1112 libidinis,
601 1063 817 1105 ebrietatis
832 1062 993 1118 feruor
1021 1063 1194 1110 ea‘arsit,
1219 1062 1338 1104 canis
1366 1063 1440 1117 qui
1467 1062 1721 1104 candelabro

163 1147 290 1174 nexus
312 1138 382 1182 est,
403 1133 520 1174 iactu
543 1132 698 1188 offulae
727 1139 848 1175 extra
877 1133 1069 1188 spatium
1092 1132 1240 1181 lineae,
1263 1147 1347 1187 qua
1375 1132 1544 1173 uinctus
1572 1138 1641 1181 est,
1664 1133 1722 1173 ad

160 1203 367 1258 impetum
403 1209 441 1245 et
475 1203 635 1245 saltum
666 1209 957 1258 prouocatur:
998 1203 1059 1244 sic
1095 1217 1238 1244 euerso
1276 1209 1313 1244 et
1347 1203 1525 1244 extincto
1559 1203 1721 1245 conscio
1743 1225 1783 1257 15

162 1272 331 1323 lumine,
353 1272 670 1328 impudentibus
697 1272 877 1315 tenebris
905 1287 1035 1314 neoeus
1062 1272 1274 1329 infandae
1301 1272 1555 1327 cupiditatis
1582 1273 1721 1314 inuol-

165 1350 323 1385 uuntur
350 1358 430 1399 per
460 1343 670 1385 incertum
701 1344 853 1385 sortis:
885 1349 923 1386 et
951 1344 991 1385 si
1019 1359 1101 1385 non
1126 1358 1267 1385 omnes
1296 1358 1437 1398 opera,
1468 1343 1722 1385 conscientia

162 1420 304 1456 tamen
335 1415 507 1469 pariter
541 1414 692 1456 incesti
702 1429 718 1465 ;
764 1415 968 1470 quoniam
1011 1420 1106 1456 ⁴uoto
1150 1414 1450 1456 uniuersorzmn
1492 1414 1723 1469 appetitur,

162 1483 364 1539 quicquid
385 1484 575 1525 accidere
590 1489 728 1539 potest
749 1484 796 1524 in
819 1489 917 1525 actu
937 1484 1217 1539 sinyulorum.
1271 1483 1320 1524 cf.
1340 1482 1483 1524 Rufin.
1499 1482 1538 1523 h.
1557 1497 1591 1525 e.
1615 1494 1666 1523 IX
1686 1486 1722 1529 5,

162 1553 248 1594 and
270 1568 325 1594 on
347 1553 423 1595 ‘ohe
445 1553 654 1595 darkness
677 1553 717 1595 h.
740 1568 774 1595 e.
798 1565 849 1594 XI
874 1556 940 1595 25.
1002 1553 1149 1595 Iustin
1172 1568 1206 1594 e.
1228 1552 1388 1608 Tryph.
1415 1554 1468 1594 10
1491 1567 1530 1608 p.
1556 1551 1670 1594 2271).
1743 1572 1787 1594 20

250 1634 568 1664 TENEBRARVM
599 1622 741 1678 pudic.
776 1625 830 1663 22
863 1637 901 1678 p.
936 1623 1017 1664 271
1055 1622 1106 1663 17
1143 1621 1268 1663 Wiss.
1300 1621 1522 1663 violantur
1553 1621 1643 1662 uiri
1673 1636 1723 1663 ac

151 1692 347 1749 feminae
368 1694 414 1733 in
436 1692 615 1734 tenebris
630 1693 764 1748 plane
784 1708 834 1734 ex
855 1708 935 1734 'usu
957 1692 1187 1734 libidinum
1211 1692 1330 1741 notis,
1353 1691 1408 1732 ad
1430 1697 1519 1732 nat.
1542 1702 1558 1731 Ι
1583 1693 1635 1733 16
1658 1706 1720 1747 pr.

164 1771 337 1806 uentum
372 1770 432 1806 est
464 1764 523 1805 ad
553 1763 704 1805 horam
740 1763 1017 1805 lucernarum
1054 1769 1092 1804 et
1129 1763 1332 1804 caninum
1367 1762 1655 1803 ministerium
1687 1768 1725 1803 et

165 1835 337 1890 inyenia
368 1833 649 1876 tenebrarum.
712 1848 791 1888 quo
821 1834 866 1874 in
896 1834 982 1875 loco
1015 1838 1148 1875 metuo
1178 1848 1228 1874 ne
1257 1832 1416 1874 cedam.
1477 1831 1581 1887 quid
1612 1832 1722 1873 enim

165 1905 251 1946 tale
279 1904 327 1945 in
358 1903 477 1945 uobis
508 1903 726 1945 detinebo?
789 1918 941 1944 'uerum
973 1903 1065 1944 iam
1100 1902 1274 1943 laudate
1312 1901 1539 1943 consilium
1575 1901 1725 1943 incesti
1743 1915 1786 1950 25

169 1974 406 2020 uerecundi,
427 1973 539 2028 quod
562 1973 806 2014 adulteram
828 1978 989 2014 noctem
1012 1972 1236 2014 commenti
1251 1986 1409 2019 sumus,
1425 1985 1474 2011 ne
1496 1975 1571 2011 aut
1593 1971 1724 2011 lucem

165 2050 241 2086 aut
262 2059 413 2086 'ueram
428 2049 588 2085 noctem
604 2043 1004 2091 contaminaremus,
1018 2041 1128 2096 qziod
1144 2041 1272 2082 etiam
1293 2040 1528 2081 luminibus
1546 2041 1726 2081 terrenis

159 2114 428 2171 parcendum
449 2113 803 2155 emistimauimus.

254 2200 293 2241 p.
317 2186 372 2225 24
395 2184 418 2225 l.
444 2186 496 2224 15
521 2193 918 2224 INVERECVNDIAM
939 2196 1063 2238 paen.
1080 2183 1104 2222 6
1124 2181 1149 2221 f.
1160 2179 1458 2235 praesumptio
1478 2179 1725 2221 inuerecun-

166 2255 264 2296 diae
278 2255 422 2310 portio
444 2259 513 2294 est.
1744 2264 1789 2296 30

253 2339 293 2380 p.
318 2325 372 2364 24
394 2323 418 2364 l.
444 2322 495 2364 17
520 2332 705 2362 ERVERE
728 2321 782 2362 ad
804 2327 891 2362 nat.
916 2332 932 2361 Ι
956 2322 1009 2362 16
1033 2320 1104 2361 fin.
1167 2320 1216 2360 cf.
1239 2319 1347 2374 apol.
1372 2320 1396 2358 2
1419 2333 1458 2359 n.
1483 2318 1655 2360 Oehler.

254 2409 294 2450 p.
319 2394 420 2434 241.
446 2394 498 2434 19
522 2403 888 2433 PRAESCRIBITVR
919 2391 974 2432 ad
1002 2397 1090 2431 nat.
1118 2401 1135 2431 1
1164 2392 1190 2431 3
1219 2405 1258 2446 p.
1283 2391 1337 2431 62
1368 2391 1420 2429 21
1455 2389 1579 2431 Wiss.
1597 2405 1726 2445 prae-

166 2465 368 2507 scribitur
408 2463 521 2506 enim
564 2463 679 2504 uobis
722 2464 803 2503 non
838 2476 962 2517 posse
1003 2461 1190 2503 crimina
1232 2460 1402 2508 obicere,
1447 2475 1554 2514 quae
1594 2475 1727 2515 neque

167 2537 411 2578 institutum
462 2533 616 2588 diriyit
665 2547 794 2587 neque
842 2531 1039 2586 probatio
1091 2530 1294 2584 adsiynat
1338 2544 1467 2584 neque
1521 2531 1728 2572 sententia>

167 2610 396 2648 enumerat.
468 2614 503 2643 ΙΙ
539 2605 561 2643 1
595 2617 634 2658 p.
669 2604 723 2643 93
757 2604 812 2643 20
844 2601 971 2642 VViss.
1005 2600 1044 2641 si
1076 2605 1244 2641 tantam
1272 2599 1602 2653 peruersitatem
1639 2614 1726 2641 una
1746 2613 1788 2645 35

162 2671 503 2730 praescriptione
544 2670 701 2712 discuti
740 2670 892 2717 liceret,
926 2669 971 2709 in
1009 2667 1201 2723 eoepedito
1238 2673 1340 2709 esset
1372 2667 1597 2715 nuntiatio,
1631 2683 1725 2709 cum

171 2757 310 2785 omnes
346 2743 447 2783 istos
483 2741 581 2782 deos
618 2740 669 2782 ab
706 2738 946 2780 hominibus
981 2739 1208 2779 institutos.
1279 2736 1376 2778 adu.
1415 2736 1565 2777 Herm.
1606 2739 1626 2777 1
1663 2752 1725 2793 pr.

112 2811 115 2815 ’
170 2813 351 2855 solemus
379 2810 602 2852 haereticis
631 2808 869 2864 compendii
893 2808 1044 2862 qratia
1072 2806 1123 2848 de
1151 2807 1400 2861 posteritate
1421 2806 1724 2861 praescribere.
