1975 3306
170 130 214 171 p.
240 117 292 158 34
314 114 341 158 l.
370 116 437 170 15]
703 116 1149 161 APOLOGETIOVS
1183 121 1208 161 9
1654 123 1736 164 205

172 232 333 276 Christ.
386 233 478 274 The
501 238 668 289 martyr
689 233 908 275 Blandina
928 234 1150 275 answered
1167 251 1174 275 :
1197 239 1216 254 “
1234 234 1327 275 how
1346 235 1472 276 could
1490 251 1553 277 we
1571 237 1736 279 endure

173 310 218 344 to
250 303 304 344 do
336 304 441 345 such
474 319 530 344 an
561 309 655 355 act3
689 319 752 345 we
784 304 891 352 who,
920 303 967 345 in
1000 304 1075 346 the
1107 305 1297 361 practice
1329 306 1377 346 of
1402 321 1481 347 our
1512 306 1736 349 Christian

172 373 413 430 discipline,
442 373 616 415 abstain
654 388 764 415 even
794 374 902 416 from
932 375 1174 431 permitbed
1203 375 1367 417 food3²²
1430 376 1549 433 Orig.
1587 384 1738 420 contra

174 442 285 486 Cels.
318 455 406 484 VIII
439 445 495 485 30
527 443 596 495 (cf.
629 458 669 484 n.
701 442 748 484 in
780 443 946 484 Lomm.
981 456 1048 485 XX
1083 444 1276 498 147—8)
1307 460 1340 486 c.
1373 447 1441 487 31.
1504 445 1641 489 Clem.
1668 447 1735 489 Al.

174 514 358 571 Paedag.
381 525 436 555 ΙΙΙ
457 512 477 570 ξ
498 515 553 555 25
575 521 635 569 (p.
659 512 742 555 276
763 512 824 566 Ρ.)
842 513 943 556 οὐδὲ
964 512 1050 568 «γὰρ
1075 514 1215 567 θυγεῖν
1236 514 1347 568 αἷμα
1369 518 1462 561 τοῖς
1485 514 1737 572 ἀνθρώποις
1756 540 1775 572 5

175 584 308 638 θέμις,
339 583 401 628 οἷς
431 584 479 626 τὸ
511 586 644 636 σῶμα
673 582 798 625 οὐδὲν
829 583 933 625 ἀλλ’
964 583 991 638 ἢ
1023 583 1141 641 σάρξ
1171 586 1295 626 ἐστιν
1325 584 1483 639 αἵματι
1515 605 1736 642 ’γεωργου-

171 654 292 709 μένη.
356 654 530 697 Calmeb
563 670 618 696 on
649 655 758 696 Acts
799 657 852 695 15
893 656 959 696 20.
994 654 1210 698 Councils.
1273 657 1387 714 Aug.
1419 664 1553 700 contar.
1587 659 1622 700 F
1625 666 1737 701 aust.

173 737 314 767 XXXII
350 727 403 768 13
436 726 462 767 f.
501 725 693 767 obsoletae
730 725 777 766 in
813 725 881 767 his
918 725 1015 782 day,
1050 726 1126 767 the
1164 727 1244 768 few
1281 727 1376 769 who
1413 728 1623 770 observed
1660 730 1737 771 ‘ohe

172 796 421 838 restriction
450 796 631 837 mocked
661 795 719 852 by
740 796 817 837 the
840 801 940 837 rest.
1004 796 1140 839 Clem.
1165 797 1352 853 Recogn.
1376 809 1392 838 I
1415 800 1483 840 30.
1545 797 1738 841 Cohelier

173 882 228 908 on
251 866 399 909 Consta.
421 866 573 923 Apost.
596 878 646 907 VI
671 868 724 907 12
745 881 786 908 n.
811 866 877 910 27.
1757 895 1798 917 10

261 953 301 994 p.
324 940 380 979 34
402 938 427 979 1.
450 940 476 979 3
499 949 771 979 MORTICINIS
793 937 915 979 Varr.

261 1024 301 1064 p.
324 1010 380 1051 34
408 1008 432 1050 l.
457 1010 480 1049 5
514 1019 717 1049 BOTVLOS
745 1007 907 1048 Arnob.
930 1019 966 1048 II
989 1009 1057 1049 42.
1118 1007 1341 1064 Aristoph.
1370 1009 1516 1064 Equis..
1542 1011 1625 1051 208
1656 1009 1736 1052 εἶθ’

175 1077 491 1130 αἱματοπώτης
514 1075 609 1120 ἔσθ’
633 1076 695 1120 ὅτ’
719 1076 868 1122 ἀλλᾶς
890 1076 957 1134 χώ
982 1077 1167 1132 δράκων.

263 1159 521 1190 CERTISSIMI
544 1163 576 1189 c.
599 1147 674 1188 inf.
699 1150 751 1188 12
776 1148 800 1189 f.
826 1150 876 1188 11
902 1163 942 1204 p.
965 1149 1021 1189 40
1045 1148 1068 1189 l.
1095 1150 1160 1190 15.

263 1233 302 1275 p.
326 1220 381 1260 34
405 1218 429 1260 l.
453 1220 477 1260 6
501 1228 798 1259 EXORBITARE
821 1232 854 1258 o.
879 1219 902 1259 6
926 1232 987 1273 pr.
1010 1232 1050 1260 n.
1104 1218 1178 1272 [16
1202 1218 1260 1274 (p.
1285 1221 1339 1259 54
1363 1219 1386 1259 l.
1412 1220 1486 1273 24)
1508 1234 1548 1260 n.
1571 1220 1689 1275 As]
1756 1248 1797 1280 15

263 1304 303 1345 p.
333 1290 388 1330 34
417 1289 441 1330 l.
473 1290 497 1329 8
527 1287 595 1329 De
622 1287 819 1343 spectac.
851 1289 904 1329 19
934 1303 973 1344 p.
998 1290 1053 1330 20
1083 1289 1108 1329 1.
1133 1290 1188 1329 14
1215 1288 1341 1331 ὮἫΞΞ.
1372 1289 1411 1330 si
1442 1290 1548 1331 tctles
1578 1306 1735 1340 sumus,

175 1360 322 1416 quales
359 1359 556 1408 dicimur,
594 1359 848 1401 delectemur
883 1359 1090 1414 sanquine
1126 1360 1322 1402 liumuno.
1387 1360 1568 1402 Human
1609 1362 1737 1403 blood

176 1446 201 1471 a
232 1444 332 1471 cure
364 1430 428 1470 for
460 1428 666 1484 epilepsy,
699 1427 810 1471 Cels.
843 1439 897 1468 III
932 1431 999 1470 23.

264 1514 303 1555 p.
327 1500 382 1540 34
405 1499 429 1540 l.
454 1501 508 1539 10
532 1509 751 1540 FOCVLVM
781 1498 945 1550 (Haut.
968 1498 1014 1539 in
1043 1498 1153 1541 leXX.
1176 1500 1222 1549 ὃ)
1247 1499 1345 1540 qu.
1370 1501 1395 1541 3
1425 1501 1508 1541 262
1532 1515 1571 1542 n.
1634 1499 1734 1542 Sen.

177 1569 254 1625 Ep.
279 1570 332 1611 66
355 1567 374 1625 ξ
396 1571 462 1610 51.

265 1650 486 1680 ACERRAM
507 1638 605 1680 adu.
624 1637 827 1679 Marcion.
847 1649 862 1678 I
881 1638 934 1679 27
952 1652 993 1693 p.
1010 1653 1064 1680 m.
1118 1638 1280 1680 Arnob.
1299 1650 1334 1680 ΙΙ
1358 1638 1411 1681 76
1428 1639 1736 1695 perquiramus

177 1715 215 1752 et
245 1724 320 1751 uos
351 1715 509 1759 contra,
535 1723 610 1750 cur
641 1714 679 1750 et
711 1724 795 1757 uos,
825 1723 920 1750 cum
953 1714 1091 1750 temtos
1123 1715 1160 1751 et
1191 1715 1280 1751 tam
1312 1710 1557 1752 imzzmnercs
1589 1711 1738 1752 colatis

179 1780 285 1829 deos,
317 1793 727 1834 cumque...ucerrcis
759 1794 898 1821 omues
929 1779 1040 1820 turis
1064 1779 1219 1834 plenas
1250 1781 1485 1835 conficiatis
1516 1781 1738 1831 altaribus,

178 1865 254 1893 cur
270 1865 353 1892 uon
369 1851 562 1892 inmunes
579 1849 710 1904 ayitis
727 1855 785 1891 tot
800 1849 1122 1891 discriminibus
1139 1856 1176 1891 et
1191 1851 1406 1905 procellis,
1422 1850 1571 1905 quibus
1587 1852 1737 1893 cotidie

178 1935 253 1962 suos
275 1926 406 1975 ayunt
427 1919 662 1961 eoeitiubiles
683 1919 1022 1974 multiplicesque
1033 1919 1274 1975 sbrtuucie?
1755 1946 1798 1977 25

266 2005 304 2046 p.
329 1991 384 2032 34
407 1990 431 2031 l.
457 1991 510 2030 14
533 2001 863 2030 CVSTODIARVM
885 1989 1102 2045 prisoners
1124 1989 1169 2031 in
1192 1991 1385 2046 custody.
1447 1993 1503 2032 44
1525 2007 1565 2032 n.
1587 2007 1627 2047 p.
1652 1994 1735 2032 124

180 2061 205 2102 l.
231 2062 296 2102 16.
360 2060 478 2102 Orat.
509 2062 574 2102 24.
638 2060 738 2102 Sen.
762 2060 840 2116 Ep.
865 2059 919 2102 70
941 2058 960 2116 ξ
983 2063 1050 2102 23.
1112 2060 1291 2102 Sueton.
1315 2061 1451 2117 Calig.
1477 2062 1528 2103 27
1554 2062 1656 2104 Ner.
1680 2065 1731 2104 31

180 2130 338 2187 (sing).
401 2130 523 2172 Seru.
545 2130 653 2171 Aen.
678 2142 728 2171 XI
753 2132 847 2172 184.
909 2131 996 2187 dig.
1019 2142 1171 2172 XLVIII
1195 2133 1220 2172 3
1246 2134 1311 2172 10.

267 2215 307 2256 p.
330 2202 386 2242 34
408 2201 434 2241 l.
458 2202 511 2241 15
535 2211 716 2241 INCESTI
738 2201 788 2242 cf.
811 2215 843 2242 c.
868 2202 919 2241 21
944 2216 983 2256 p.
1008 2203 1063 2242 68
1087 2201 1110 2242 l.
1134 2203 1200 2242 31.

268 2281 677 2311 INCESTI...PERSAS
706 2269 869 2311 Minue.
898 2272 950 2311 31
982 2268 1002 2327 ξ
1031 2273 1055 2311 2
1085 2270 1187 2312 lzuec
1209 2271 1319 2312 enim
1343 2271 1490 2326 potius
1512 2272 1562 2314 de
1586 2273 1735 2314 uestris
1754 2286 1799 2319 30

177 2341 369 2395 qentibus
395 2346 502 2381 nutu
529 2345 636 2381 sunt.
697 2339 766 2380 ius
794 2345 853 2381 est
881 2340 999 2395 apud
1020 2340 1183 2382 Persas
1211 2341 1381 2382 misceri
1409 2356 1500 2382 cum
1528 2343 1737 2384 matribus

184 2409 470 2451 ...memoriae
512 2414 549 2450 et
589 2408 887 2464 tragoediae
923 2415 1090 2450 uestrae
1130 2410 1298 2451 incestis
1335 2410 1590 2465 yloriccutur,
1633 2427 1738 2467 quas

182 2494 256 2520 uos
298 2478 470 2519 libenter
507 2483 545 2519 et
581 2478 722 2532 leyitis
762 2483 800 2519 et
841 2478 1016 2519 auditis.
1075 2478 1136 2520 sic
1172 2484 1209 2519 et
1243 2478 1340 2520 cleos
1375 2479 1515 2521 colitis
1550 2480 1736 2531 incestos,

184 2562 278 2589 cum
298 2553 447 2596 matre,
468 2561 563 2588 cum
573 2546 691 2602 filia,
714 2561 808 2588 cum
829 2561 971 2588 sorore
993 2547 1244 2588 coniunctos.
1295 2547 1470 2588 Holden
1492 2548 1549 2589 ib.
1590 2549 1737 2591 Incesta

183 2618 230 2658 of
256 2615 459 2672 Iuppiter
489 2615 595 2656 with
629 2615 753 2656 Rhea
783 2615 869 2656 and
907 2615 1175 2671 Proserpine.
1240 2616 1459 2673 Athenag.
1493 2617 1647 2673 Suppl.
1681 2621 1735 2660 20
1755 2637 1797 2669 35

182 2702 225 2743 p.
248 2688 322 2727 20ἱὶ
343 2686 394 2727 cf.
416 2688 470 2726 32
493 2700 533 2741 p.
555 2687 640 2726 362.
663 2687 731 2726 34.
783 2684 893 2725 Plin.
915 2684 1032 2726 Hist.
1054 2684 1158 2726 Nat.
1177 2696 1213 2725 II
1234 2700 1268 2726 c.
1293 2684 1315 2726 7
1338 2684 1358 2742 ξ
1381 2685 1432 2727 17
1456 2688 1737 2729 matrimonia

183 2755 352 2810 quidem
383 2755 495 2796 iuter
525 2754 623 2796 cleos
652 2754 768 2796 credi
792 2760 987 2809 tantoque
1015 2770 1118 2797 aeuo
1147 2770 1196 2797 ex
1223 2755 1290 2796 liis
1317 2756 1525 2798 nemiuem
1554 2758 1673 2800 misci
1699 2764 1738 2800 et

185 2824 295 2867 cilios
316 2838 400 2866 esse
418 2823 690 2878 yrundaeuos
710 2838 952 2878 semperque
974 2838 1098 2865 cemos
1119 2824 1227 2866 alios
1242 2825 1415 2867 iuuenes
1431 2832 1553 2881 atque
1567 2841 1736 2882 pueros,

1755 1601 1801 1624 20
