1975 3306
135 134 177 175 p.
203 123 255 162 34
277 121 304 163 1.
331 122 400 174 32]
666 119 1112 162 APOLOGETIch
1146 123 1171 163 9
1614 123 1696 164 209

137 236 307 283 τούτοις
341 236 582 294 χρωμένων
621 254 686 281 τις
721 236 835 292 πρὸς
868 238 920 292 τῇ
955 236 1070 293 α’θέῳ
1103 238 1179 279 καὶ
1212 236 1377 288 ἀσεβεῖ
1407 239 1482 279 καὶ
1516 236 1701 290 ἀκρατεῖ

135 308 264 361 μίξει,
287 307 324 349 εἰ
345 307 489 364 τύχοι,
513 306 648 362 τέκνῳ
670 306 697 360 ἢ
721 309 927 361 συγγενεῖ
954 306 981 360 ἢ
1012 306 1193 363 ἀδελφῷ
1221 307 1442 362 μίγνυται.
1496 308 1543 349 cf.
1564 306 1701 350 Clem.

137 377 261 418 Alex.
285 376 469 433 Paedag.
492 388 545 417 111
569 378 595 418 3
617 374 636 433 ξ
659 378 710 417 21
735 391 776 432 p.
799 378 897 418 265.
959 376 1177 432 Bingham
1202 388 1288 418 XVI
1312 379 1367 419 10
1392 380 1459 420 11.

226 459 373 489 FILIOS
389 468 424 481 =
440 447 607 489 liberos.
670 447 724 488 ad
747 453 836 488 nat.
861 459 876 487 Ι
908 449 960 489 16
984 462 1023 504 p.
1048 447 1101 489 87
1127 448 1151 490 l.
1177 450 1230 490 16
1255 448 1380 490 Wiss.
1411 460 1446 489 II
1472 450 1524 490 12
1554 463 1594 504 p.
1618 447 1699 489 117

138 518 162 559 l.
188 520 241 559 22
266 518 390 560 Wiss.
439 518 506 559 De
530 518 708 559 Exhort.
733 517 889 560 Castit.
915 520 968 559 13
990 519 1279 560 ‘masculorum
1292 518 1503 574 filiorum.
1554 519 1704 560 James
1725 535 1744 567 5

139 603 193 628 on
216 590 242 629 4
266 588 375 629 Ezra
396 603 434 644 p.
458 599 493 629 L.
540 588 653 644 Aug.
678 588 756 643 Ep.
782 589 863 629 127
890 589 914 629 9
934 588 959 629 f.
1018 588 1138 629 Hier.
1162 588 1312 644 Migne
1336 588 1429 630 P.L.
1454 600 1578 629 XXIII
1602 591 1706 631 968²*

139 673 233 700 cum
261 657 461 713 hodieque
483 657 647 699 Romae
674 673 813 699 onmes
832 658 926 713 filit
954 664 1155 700 'nocentur
1182 658 1380 714 infantes.
1442 659 1523 701 Ios.
1554 659 1704 715 Antiq.

139 740 173 769 II
199 731 252 771 13
274 744 313 785 p.
338 729 390 770 57
415 744 453 785 p.
477 744 533 771 m.
554 728 622 770 bis
651 728 735 781 (ed.
762 730 905 783 1524).
968 728 1130 770 Archiv
1154 729 1179 770 f.
1205 729 1277 771 lat.
1301 729 1403 771 Lex.
1427 741 1495 770 VII
1521 729 1705 772 77-80.

140 801 206 840 84.
226 801 292 841 90.
317 801 499 841 92—94.
562 798 695 841 τέκνα
722 799 843 853 ὑμῶν
868 803 887 839 1
916 798 1011 841 Cor.
1035 799 1094 840 vii
1119 802 1173 840 14
1195 799 1232 841 is
1250 800 1342 855 filii
1362 801 1495 842 uestri
1522 800 1567 841 in
1589 801 1704 842 Tert.

140 870 195 911 ad
223 870 349 911 onr.
374 881 409 910 II
433 872 470 910 2.
1727 890 1774 913 10

227 955 267 996 p.
291 942 346 982 34
369 941 392 982 l.
416 942 472 982 30
494 952 582 982 NOS
604 946 684 983 cet.
707 956 740 982 c.
764 943 830 983 39.
855 943 921 983 46.
974 941 1029 983 ad
1055 941 1179 983 onr.
1204 954 1219 982 Ι
1244 943 1280 984 6.
1333 942 1400 983 De
1425 941 1561 984 Cultu
1585 942 1705 984 Fem.

141 1022 176 1051 II
200 1012 237 1052 9.
284 1010 503 1067 Athenag.
522 1010 675 1067 Suppl.
694 1013 749 1053 33
772 1014 964 1064 γυναῖκα
984 1012 1064 1066 μὲν
1086 1011 1274 1056 ἕκαστος
1297 1012 1416 1067 ἡμῶν
1439 1010 1491 1064 ἣν
1513 1012 1706 1066 ἠγάγετο

143 1077 258 1121 κατὰ
295 1078 395 1125 τοὺς
433 1079 506 1134 ὑφ’
537 1080 661 1133 ἡμῶν
697 1079 970 1135 τεθειμένους
1005 1078 1162 1134 νόμους
1200 1079 1399 1135 νομίζων,
1431 1081 1507 1124 καὶ
1541 1082 1708 1135 ταύτην

141 1148 275 1206 μέχρι
308 1153 385 1192 τοῦ
417 1149 1006 1206 παιδοποιήσασθαι...ἡμῖν
1034 1149 1194 1208 μέτρον
1226 1151 1462 1205 ἐπιθυμίας
1494 1153 1519 1205 ἡ
1552 1152 1706 1195 παιδο-

144 1219 282 1261 ποιΐα.
346 1220 503 1262 Iustin.
527 1220 653 1277 Apol.
676 1232 692 1261 I
716 1222 769 1262 29
803 1219 908 1262 ἀλλ’
940 1219 967 1274 ἢ
1000 1219 1078 1274 τὴν
1110 1220 1256 1278 ἀρχὴν
1289 1222 1368 1263 οὐκ
1397 1222 1643 1276 ἐγαμοῦμεν
1672 1223 1709 1265 εἰ
1729 1239 1770 1270 15

143 1289 201 1343 μὴ
232 1289 306 1332 ἐπὶ
334 1289 504 1332 παίδων
534 1290 765 1346 ἀνατροφῇ
792 1289 818 1344 ἢ
845 1289 1190 1347 παραιτούμενοι
1220 1290 1268 1333 τὸ
1298 1291 1529 1346 γήμασθαι
1559 1291 1709 1335 τέλεον

144 1359 554 1415 ἐνεγκρατευόμεθα.
617 1360 658 1401 Α
693 1359 919 1402 Christian
951 1361 1102 1417 youth,
1135 1361 1180 1402 in
1214 1362 1339 1403 order
1372 1368 1416 1404 to
1450 1363 1592 1404 refute
1630 1363 1706 1404 the

145 1430 324 1487 charges
352 1431 399 1471 of
424 1430 722 1486 promiscuous
751 1430 1029 1480 intercourse,
1056 1431 1230 1487 applied
1261 1438 1305 1473 to
1336 1432 1471 1482 Felix,
1497 1448 1708 1489 governor

145 1501 192 1541 of
207 1500 485 1549 Alexandria,
508 1501 571 1541 for
592 1515 617 1541 a
638 1500 823 1541 medical
846 1500 1007 1542 licence
1038 1501 1102 1542 for
1130 1501 1197 1543 his
1226 1502 1492 1545 mutilation.
1554 1503 1599 1545 It
1623 1519 1708 1545 was

145 1570 329 1620 refused,
363 1571 445 1612 but
483 1570 537 1611 he
574 1569 798 1611 remained
836 1570 1098 1612 unmarried.
1161 1571 1322 1613 Minuc.
1356 1574 1407 1614 31
1443 1571 1462 1629 ἓ
1494 1575 1518 1614 5
1557 1579 1601 1615 at
1634 1589 1708 1615 7203
1728 1591 1773 1613 20

145 1641 351 1696 pudorem
391 1656 474 1682 ηοη
503 1640 626 1696 facie
666 1640 739 1682 sed
779 1646 913 1682 mente
946 1647 1232 1696 praestamus,
1274 1644 1402 1684 ‘zazius
1442 1645 1710 1686 <matrimonii

152 1711 318 1752 uinculo
353 1710 526 1752 libenter
558 1710 838 1759 inhaeremus,
870 1710 1145 1766 cupiditatem
1174 1713 1437 1767 procreandi
1470 1719 1546 1755 aut
1578 1730 1710 1755 unam

147 1781 304 1822 scimus
335 1786 410 1821 aut
439 1780 620 1821 nullam.
683 1778 883 1821 Socrates
906 1791 922 1820 I
946 1781 1000 1821 13
1022 1778 1041 1836 ξ
1063 1782 1088 1822 3
1122 1781 1308 1822 married
1337 1782 1507 1838 priests'
1536 1783 1707 1825 cohabi-

150 1849 291 1891 tation
321 1848 558 1890 forbidden.
620 1846 687 1905 §4
716 1848 904 1890 allowed·
925 1849 983 1904 by
1012 1849 1301 1905 Paphnutius.
1362 1849 1401 1907 ἐξ
1423 1854 1461 1900 5,
1484 1853 1508 1893 6
1540 1852 1710 1908 priests⁷

151 1919 364 1975 marriage
397 1919 633 1960 forbidden.
697 1930 746 1959 IV
770 1921 824 1961 23
847 1918 1088 1973 (Ammon).
1112 1931 1142 1960 V
1166 1921 1219 1960 22
1242 1920 1261 1976 ξ
1284 1922 1349 1962 50.
1412 1920 1629 1978 Athenag.
1654 1924 1709 1963 33
1730 1939 1773 1971 25

149 2004 188 2045 p.
227 1989 302 2031 37ἃ
339 1989 476 2045 εὕροις
515 1988 548 2029 δ’
587 1988 640 2030 ἂν
676 1987 876 2033 πολλοὺς
913 1990 999 2031 τῶν
1036 1988 1142 2046 παρ’
1180 1991 1284 2043 ἡμῖν
1321 1990 1395 2032 καὶ
1438 1990 1598 2047 ἄνδρας
1634 1993 1710 2033 καὶ

149 2062 371 2111 γυναῖκας,
403 2059 832 2115 καταγηράσκοντας
862 2059 1060 2113 ἀγάμους
1094 2058 1244 2102 ἐλπίδι
1275 2063 1353 2102 τοῦ
1380 2064 1557 2115 μᾶλλον
1587 2061 1708 2104 συνέ-

151 2129 315 2170 σεσθαι
351 2129 411 2184 τῷ
445 2129 538 2184 θεῷ.
601 2128 757 2170 Euseb.
791 2128 925 2169 Laud.
959 2135 1093 2170 const.
1127 2128 1193 2170 17.
1257 2129 1375 2185 Orig.
1412 2136 1562 2171 contra
1598 2130 1709 2173 Cels.

153 2210 168 2239 I
202 2201 267 2240 26.
300 2210 368 2239 VII
401 2200 457 2239 48
490 2214 550 2254 pr.
614 2198 805 2254 Spencer
842 2213 896 2239 on
935 2197 1054 2254 Orig.
1093 2204 1243 2240 contra
1280 2198 1390 2241 Cels.
1428 2215 1466 2255 p.
1503 2202 1553 2241 21
1595 2201 1618 2242 l.
1656 2204 1709 2242 55

153 2270 317 2321 (annot.
340 2283 379 2323 p.
403 2270 455 2308 21
480 2268 565 2320 ab).
617 2267 842 2323 Theophil.
867 2279 920 2307 III
944 2270 1009 2309 15.
1064 2268 1164 2309 Eus.
1187 2268 1291 2309 DE.
1314 2280 1330 2309 I
1355 2270 1378 2310 9
1401 2267 1440 2325 ἐξ
1464 2272 1528 2319 14,
1554 2273 1619 2319 15,
1643 2273 1709 2312 21.
1729 2286 1775 2317 30

241 2353 279 2394 p.
303 2340 359 2379 34
381 2338 404 2379 l.
429 2340 483 2380 32
507 2349 690 2386 QVIDAM
712 2344 791 2379 cet.
815 2338 868 2378 ad
892 2338 972 2378 Vx.
996 2350 1011 2378 I
1036 2340 1060 2380 6
1093 2345 1191 2393 quot
1212 2339 1324 2380 enim
1345 2346 1443 2381 sunt
1464 2341 1538 2395 qm'
1565 2342 1710 2383 statim

153 2423 181 2449 a
213 2408 387 2449 lauacro
421 2422 591 2449 carnem
621 2422 746 2448 suam
777 2407 1027 2462 obsz'ynant?
1087 2407 1154 2449 De
1185 2407 1321 2450 Cultu
1352 2408 1471 2449 Fem.
1502 2421 1536 2449 II
1570 2412 1594 2451 9
1627 2426 1710 2452 non

153 2478 265 2519 em'm
286 2483 324 2519 et
339 2478 464 2518 multi
483 2478 547 2519 ita
558 2477 735 2533 faciunt
751 2483 789 2519 et
804 2492 845 2519 se
861 2477 1123 2532 spadonatui
1145 2478 1212 2532 [cf.
1229 2477 1344 2520 Socr.
1361 2478 1417 2520 H.
1433 2478 1479 2519 E.
1499 2490 1533 2519 II
1558 2481 1612 2521 26
1630 2477 1649 2536 ξ
1664 2480 1708 2534 9]

155 2546 373 2601 obsiynant
398 2552 578 2601 propter
608 2561 785 2600 ret-qnam
815 2545 929 2588 Dei?
990 2546 1147 2587 Iustin.
1169 2547 1295 2602 Apol.
1319 2558 1334 2587 I
1358 2549 1411 2588 15
1434 2562 1473 2603 p.
1497 2547 1571 2589 62b
1599 2549 1711 2590 after

156 2615 295 2671 citing
315 2615 442 2657 Matt.
468 2617 521 2657 19
546 2617 623 2656 12:
655 2615 730 2656 καὶ
759 2613 929 2657 πολλοί
955 2634 1067 2660 τινες
1093 2616 1167 2657 καὶ
1197 2616 1370 2658 πολλαὶ
1399 2616 1709 2670 ἑξηκοντοῦται
1732 2634 1776 2665 35

157 2684 231 2726 καὶ
255 2683 659 2738 ἑβδομηκοντοῦται
684 2684 728 2726 οἳ
751 2687 799 2726 ἐκ
828 2684 1000 2727 παίδων
1028 2685 1398 2737 ἐμαθητεύθησαν
1427 2683 1488 2742 τῷ
1509 2688 1709 2743 Χριστῷ,

156 2754 347 2810 ἅφθοροι
385 2754 659 2807 διαμένουσι·
703 2755 778 2796 καὶ
812 2755 1000 2811 εὔχομαι
1034 2754 1149 2797 κατὰ
1183 2759 1274 2797 πᾶν
1307 2754 1430 2810 γένος
1462 2756 1709 2812 ἀνθρώπων

157 2822 379 2868 τοιούτους
402 2823 551 2878 δεῖξαι.
613 2824 733 2866 Pitra
756 2824 902 2880 Spicil.
926 2824 1103 2866 Solesm.
1128 2837 1143 2865 I
1166 2827 1262 2867 323.
1314 2825 1531 2882 Athenag.
1555 2826 1706 2882 Suppl.

269 2920 309 2946 M.
332 2921 366 2946 T.
1550 2911 1597 2948 14
