1975 3306
281 121 363 160 284
857 122 1264 165 TERTVLLIANI
1521 128 1579 184 [p.
1606 129 1658 169 66
1681 127 1707 168 l.
1734 128 1845 168 24—

280 242 317 278 et
373 236 649 280 Platonicum
707 246 744 281 et
800 240 1065 283 dialecticam
1129 241 1509 285 Chrvz'stz'anz'smum
1563 245 1842 299 protulerant.

282 306 399 348 nobis
442 307 688 351 curiositate
728 325 832 365 opus
872 326 955 352 *non
991 317 1049 352 est
1081 318 1176 366 post
1220 312 1433 354 Christum
1477 313 1508 355 Ι
1510 329 1625 356 esum
1667 330 1739 356 nee
1779 314 1844 355 in-

279 377 504 432 quisitione
533 384 630 433 post
667 380 948 434 euanyelizmz.
1012 396 1107 422 cum
1144 382 1366 432 credimus,
1402 383 1512 424 nihil
1550 383 1845 426 desideramus

279 447 391 489 ultra
431 448 608 489 credere.
670 449 744 491 leoc
778 451 889 491 enim
921 451 1050 506 prius
1083 452 1307 501 credimus,
1341 468 1423 494 non
1459 468 1544 496 esse
1577 454 1688 509 quod
1729 454 1841 496 ultra

237 530 256 562 5
278 518 445 560 credere
476 519 678 561 debemus.
740 520 853 577 Aug.
878 521 923 562 in
960 522 1025 564 Ps.
1051 525 1131 564 141
1171 525 1195 565 9
1230 539 1360 579 «usque
1394 524 1498 566 adeo
1530 525 1581 566 cle
1613 539 1733 566 cruce
1764 540 1846 565 non

277 588 477 638 erubesco,
511 595 553 631 ut
588 606 670 631 non
700 591 745 632 in
784 592 939 634 occulto
973 593 1058 635 loco
1093 593 1269 635 habeam
1303 610 1467 637 cracem
1501 595 1669 645 Cho-isti,
1696 595 1768 637 sed
1799 595 1841 636 in

266 657 415 713 fronte
441 665 617 714 portem.
680 660 839 702 Matth.
863 664 889 702 8
913 664 979 711 38,
1004 662 1128 704 Luke
1152 665 1176 704 9
1202 665 1270 713 26,
1293 663 1415 705 Rom.
1442 666 1462 705 1
1492 666 1556 705 15.

365 744 403 785 p.
438 732 492 772 66
526 730 549 771 l.
585 732 637 771 25
672 742 906 772 DEPVTARI
940 732 1202 774 ‘reekoned.'
1268 733 1335 774 De
1368 733 1485 776 Cult.
1519 733 1638 775 Fem.
1674 745 1690 775 Ι
1725 735 1749 774 2
1782 748 1843 789 pr.

276 799 476 842 damnati
505 801 551 841 in
577 816 761 856 poenam
792 802 943 844 mortis
974 802 1450 859 deputantur...anyelzss

214 883 257 906 10
365 882 509 911 IVVAT
530 870 769 913 Neumann
794 884 808 913 Ι
834 874 917 914 153
940 888 979 914 n.
1004 876 1040 914 8.
1083 873 1178 914 infr.
1201 889 1234 915 c.
1259 876 1314 915 50
1337 889 1376 915 n.
1400 889 1438 930 p.
1464 875 1547 916 146
1571 874 1594 915 l.
1620 876 1684 915 10.

365 955 403 996 p.
428 942 482 982 66
506 940 529 981 l.
555 942 609 981 28
642 940 770 997 Cypr.
795 941 861 983 De
885 941 991 983 Idol.
1016 942 1162 984 Vanit.
1188 945 1212 984 6
1235 941 1254 999 ξ
1278 946 1297 984 1
1324 943 1508 985 Iudaeis
1530 945 1727 999 primum
1750 949 1844 986 erat

278 1011 396 1066 apud
430 1010 567 1052 Deum
603 1012 761 1066 ¹qratia.
836 1012 896 1054 sic
934 1012 1037 1054 olim
1073 1013 1178 1054 iusti
1214 1019 1349 1064 erant,
1383 1015 1442 1055 sie
1479 1014 1663 1055 maiores
1699 1028 1844 1055 eorum

277 1081 552 1136 religionibus
574 1081 825 1124 obediebant.
886 1081 948 1139 §2
972 1083 1071 1125 inde
1099 1083 1189 1125 illis
1217 1089 1255 1125 et
1279 1084 1402 1139 reyni
1422 1083 1665 1125 sublimitas
1687 1083 1844 1139 floruit

277 1157 314 1192 et
332 1152 499 1205 yeneris
520 1153 772 1207 maynitudo
798 1154 1012 1209 prouenit.

214 1231 256 1263 15
365 1232 682 1263 ORIGINALIVM
704 1234 957 1264 AVCTORVM
980 1239 1013 1265 c.
1034 1226 1087 1264 18
1103 1239 1162 1280 pr.
1181 1240 1219 1280 p.
1239 1227 1293 1266 58
1312 1225 1336 1266 1.
1355 1227 1392 1266 4.
1455 1224 1522 1266 De
1545 1223 1790 1280 Monogam.
1812 1223 1834 1264 7

278 1291 511 1345 origyinales
536 1307 746 1347 personae
768 1293 897 1345 (from
920 1293 1063 1334 Adam
1088 1299 1132 1335 to
1156 1294 1328 1347 Moses).

366 1376 404 1416 p.
429 1363 482 1403 66
507 1361 530 1403 l.
556 1363 609 1403 29
633 1373 908 1404 SVBI,1M1TAS
930 1378 962 1404 e.
988 1365 1042 1404 25
1065 1379 1125 1419 pr.
1148 1379 1187 1420 p.
1212 1366 1266 1406 86
1291 1364 1314 1406 l.
1340 1366 1395 1405 24
1417 1364 1465 1405 of
1482 1363 1683 1404 Romans.

365 1446 402 1486 p.
439 1433 491 1473 66
532 1432 554 1473 l.
591 1434 643 1473 31
679 1444 765 1474 SED
802 1445 990 1482 QVANTA
1032 1440 1112 1476 cet.
1176 1434 1305 1491 Cypr.
1344 1434 1411 1476 De
1446 1434 1552 1475 Idol.
1596 1433 1741 1475 Vanit.
1788 1435 1842 1475 10

276 1517 405 1557 quam
437 1502 582 1557 fuerit
621 1503 715 1544 illis
755 1503 953 1559 profana
995 1505 1100 1553 υἱέα,
1143 1520 1253 1560 qnae
1294 1511 1515 1547 contracta
1555 1505 1612 1546 sit
1652 1504 1843 1546 uiolatae

212 1585 257 1606 20
276 1572 498 1626 reliyz‘onis
539 1572 707 1627 offensa,
742 1574 829 1628 ipsi
870 1589 1029 1630 quoqne
1070 1580 1289 1625 testantur,
1325 1575 1398 1630 qui
1439 1576 1516 1617 etsi
1558 1590 1652 1617 uoce
1693 1580 1842 1623 tacent,

275 1643 387 1684 exitu
432 1643 689 1697 confitentur.
768 1643 963 1700 Wailing
999 1645 1047 1685 of
1082 1644 1158 1686 the
1199 1644 1317 1686 ‚Jews
1353 1660 1408 1686 on
1446 1645 1522 1686 the
1559 1645 1644 1701 day
1681 1645 1728 1686 of
1764 1645 1840 1686 the

275 1712 546 1754 destruction
578 1714 626 1754 of
652 1713 728 1754 the
761 1713 953 1770 Temple.
1017 1714 1137 1756 Hier.
1162 1714 1207 1755 in
1240 1714 1468 1771 Sophon.1
1503 1717 1555 1756 15
1579 1717 1647 1768 (VI
1683 1717 1797 1767 692).

363 1798 400 1838 p.
426 1784 479 1824 66
503 1783 527 1824 l.
552 1785 607 1825 33
640 1795 808 1825 EXITVS
830 1784 939 1825 Adu.
964 1784 1058 1826 Iud.
1085 1787 1138 1826 13
1161 1800 1200 1841 p.
1226 1783 1306 1826 737
1332 1785 1355 1826 l.
1383 1787 1435 1826 10
1451 1800 1543 1841 sup.
1586 1785 1635 1826 ef.
1654 1799 1693 1841 p.
1713 1784 1796 1826 738
1815 1784 1839 1825 f.

276 1852 557 1894 Schliemann
589 1853 896 1895 Clementinen
925 1856 1009 1896 402
1032 1870 1072 1896 n.
1104 1857 1170 1897 64.
1201 1856 1284 1896 407
1315 1871 1355 1896 n.
1410 1855 1533 1896 Philo
1561 1855 1711 1910 Legat.
1747 1854 1840 1896 Gai.

211 1932 255 1963 25
273 1920 292 1979 ξ
309 1924 375 1964 32.
419 1922 513 1964 Dio.
539 1922 653 1965 Cass.
678 1935 772 1965 LXV
797 1923 819 1965 7
843 1922 915 1979 §2
960 1925 1069 1966 Grot
1091 1925 1148 1979 (2)
1170 1940 1209 1981 p.
1236 1927 1329 1966 158.
1374 1925 1483 1967 Cels.
1507 1925 1553 1966 in
1576 1924 1647 1966 Or.
1673 1936 1759 1965 VIII
1784 1926 1838 1966 69

274 1991 448 2033 neither
469 1993 562 2033 clod
585 1993 777 2047 (βῶλος)
800 2009 878 2035 nor
900 1994 1056 2035 hearth
1080 1994 1269 2036 remains
1293 2001 1337 2036 to
1359 1994 1486 2036 Jews.

364 2076 402 2117 p.
439 2063 493 2103 66
528 2062 551 2103 l.
587 2064 641 2103 34
674 2074 883 2104 DISPERSI
921 2063 1002 2104 Ios.
1037 2064 1103 2105 De
1137 2064 1243 2105 Bell.
1278 2064 1373 2105 Iud.
1409 2075 1478 2105 VII
1512 2066 1538 2105 3
1570 2062 1589 2120 ἓ
1621 2066 1646 2105 3
1677 2062 1726 2106 τὸ
1755 2062 1840 2117 Γγὰρ

274 2129 498 2173 Ἰουδαίων
534 2131 659 2186 «γένος
696 2131 817 2174 πολὺ
851 2132 930 2187 μὲν
962 2132 1079 2174 κατὰ
1111 2136 1264 2176 πᾶσαν
1296 2132 1376 2187 τὴν
1409 2133 1668 2187 οἰκουμένην
1705 2133 1838 2188 ’παρέ-

276 2218 477 2257 σπαρται
524 2204 615 2247 τοῖς
659 2203 927 2259 ἐπιχωρίοις.
1000 2203 1152 2259 Sibyll.
1189 2215 1253 2245 111.
1290 2203 1371 2245 271
1411 2206 1468 2257 (B.
1502 2216 1537 2245 C.
1573 2206 1676 2257 140)
1709 2205 1838 2246 πᾶσα

211 2285 256 2316 30
276 2270 320 2312 δὲ
353 2274 461 2325 1’γαῖα
496 2271 626 2314 σέθεν
658 2273 835 2326 πλήρης
867 2273 942 2315 καὶ
974 2275 1107 2315 πᾶσα
1141 2274 1369 2316 θάλασσα.
1429 2273 1621 2316 Schfirer
1652 2280 1702 2315 112
1731 2273 1751 2331 ξ
1782 2277 1834 2315 31

275 2346 283 2362 ‘
299 2342 388 2383 Das
410 2343 689 2384 Judenthum
714 2343 758 2384 in
781 2344 858 2385 der
886 2345 1193 2401 Zerstreuung.
1217 2344 1288 2386 die
1313 2344 1589 2401 Proselyten,'
1612 2361 1651 2401 p.
1675 2347 1760 2387 493
1778 2361 1837 2401 sq.

276 2412 494 2455 VVestcott
525 2414 826 2470 ‘Dispersion’
855 2415 898 2456 in
923 2416 974 2456 D.
999 2416 1045 2457 B.
1109 2416 1365 2457 Tzsehirner
1387 2418 1471 2457 303
1489 2432 1548 2472 sq.
1605 2417 1729 2473 Kaye
1755 2419 1834 2458 151

274 2497 313 2523 n.
333 2484 368 2523 2.
415 2482 550 2525 Clem.
576 2484 762 2541 Recogn.
787 2496 803 2525 Ι
826 2487 880 2527 39
900 2486 924 2527 f.
979 2485 1170 2542 Cypriam
1195 2486 1261 2527 De
1285 2486 1390 2528 Idol.
1412 2486 1556 2528 Vanit.
1578 2489 1631 2528 10
1654 2487 1840 2542 dispersi
1879 2532 1885 2538 ,

274 2558 311 2593 et
326 2553 569 2607 palabundi
589 2560 820 2609 uayantm,
836 2556 917 2596 soli
932 2560 970 2597 et
987 2556 1095 2597 caeli
1110 2544 1179 2597 eui
1195 2556 1378 2612 profuyi
1396 2571 1475 2612 per
1491 2556 1677 2612 hospitia
1695 2557 1837 2598 aliena

210 2632 254 2663 35
274 2622 501 2665 iactantur.
565 2624 721 2666 Iustin.
752 2625 876 2681 Apol.
901 2637 917 2666 Ι
950 2641 981 2667 c.
1005 2625 1059 2667 47
1084 2642 1122 2682 p.
1147 2625 1222 2668 84b
1249 2628 1420 2683 εἴρηται
1448 2627 1492 2669 δὲ
1520 2628 1592 2668 καὶ
1624 2627 1723 2683 περὶ
1758 2631 1835 2681 τῆς

274 2691 535 2747 ἐρημώσεως
574 2694 709 2747 αὐτῆς
754 2695 827 2737 καὶ
871 2695 974 2750 ’περὶ
1018 2699 1097 2738 τοῦ
1137 2695 1198 2750 μὴ
1242 2696 1632 2750 ἐπιτραπήσεσθαι
1670 2697 1835 2751 μηδένα

274 2761 420 2804 αὐτῶν
463 2762 596 2804 οἰκεῖν
637 2764 712 2816 (IS.
751 2767 771 2805 1
811 2764 847 2814 7,
880 2765 967 2807 Jer.
1002 2768 1057 2807 50
1092 2768 1130 2816 3,
1161 2768 1211 2808 Cf.
1251 2769 1274 2807 2
1320 2766 1525 2821 15)...ὅτι
1569 2766 1615 2809 δὲ
1657 2769 1834 2823 φυλάσ-

275 2849 404 2874 σεται
441 2831 514 2887 ὑφ’
551 2833 671 2886 ὑμῶν
714 2835 833 2880 ὅπως
873 2836 1024 2888 μηδεὶς
1068 2837 1112 2878 ἐν
1155 2837 1267 2891 αὐτῇ
1303 2837 1497 2889 γένηται,
1532 2837 1607 2880 καὶ
1646 2838 1835 2885 θάνατος
