1975 3306
226 184 279 223 24
806 177 1212 220 TERTVLLIANI

224 298 401 353 proauis
432 297 731 338 renuntiastis.
794 295 1008 336 Laudatis
1039 309 1210 350 semper
1240 294 1570 349 antiquitatem,
1605 298 1649 334 et
1679 307 1794 334 noue

225 386 280 426 de
315 385 383 426 die
418 384 582 425 uiuitis.
644 383 726 424 Per
761 382 880 438 quod
916 381 1176 431 ostenditur,
1214 381 1321 422 dum
1356 395 1381 422 a
1416 380 1543 422 bonis
1578 380 1794 421 maiorum

226 472 445 513 institutis
487 470 711 520 deceditis,
757 483 806 510 ea
850 483 930 510 uos
972 468 1158 509 retinere
1202 473 1246 509 et
1289 467 1508 508 custodire
1552 480 1664 521 quae
1706 480 1796 507 non

227 558 455 607 debuistis,
491 571 590 598 cum
624 571 737 611 quae
769 555 983 597 debuistis
1015 569 1104 596 non
1137 554 1404 596 custodistis.
1466 554 1618 609 Ipsum
1651 553 1796 594 adhuc

229 645 350 700 quod
401 640 612 685 uidemini
660 642 912 684 fidelissime
967 641 1082 682 tueri
1137 655 1161 681 a
1215 640 1416 696 patribus
1468 640 1700 688 traditum,
1750 639 1795 680 in
1816 655 1836 687 5

229 745 318 785 quo
355 730 654 786 principaliter
693 744 787 770 reos
827 729 1182 784 transgressionis
1223 728 1492 770 Christianos
1528 726 1795 777 destinastis,

230 818 429 859 studium
472 817 568 858 dico
592 816 793 857 'deorum
836 815 1131 865 colendorum,
1176 815 1230 856 de
1272 829 1359 870 quo
1402 814 1593 855 maxime
1636 813 1798 854 errauit

231 905 489 959 antiquitas,
521 904 623 945 licet
653 902 850 958 Serapidi
878 902 967 943 iarn
998 903 1201 944 Romano
1231 916 1329 943 aras
1358 901 1666 951 restruxeritis,
1697 901 1799 942 licet

234 991 408 1032 Baccho
431 991 519 1032 iam
543 990 699 1031 Italico
723 989 859 1030 furias
881 994 1051 1030 uestras
1073 989 1322 1039 immoletis,
1348 1004 1426 1030 suo
1448 989 1543 1029 loco
1567 987 1798 1029 ostendam

232 1077 415 1133 proinde
440 1077 603 1132 despici
628 1081 672 1117 et
695 1076 862 1131 neglegi
888 1081 932 1117 et
957 1075 1123 1117 destrui
1148 1090 1172 1116 a
1197 1075 1323 1116 uobis
1348 1075 1559 1116 aduersus
1583 1074 1798 1115 maiorum
1822 1093 1866 1115 10

230 1164 560 1206 auctoritatem.
621 1163 750 1204 Nunc
799 1162 914 1203 enim
962 1162 1020 1203 ad
1066 1162 1186 1203 illam
1234 1162 1507 1203 occultorum
1555 1162 1799 1203 facinorum

230 1251 462 1292 infamiam
492 1249 779 1305 respondebo,
813 1254 864 1290 ut
894 1249 1013 1290 uiam
1045 1249 1152 1290 mihi
1183 1248 1239 1290 ad
1270 1249 1571 1290 manifestiora
1601 1262 1797 1303 purgem.

318 1400 361 1440 7.
421 1399 620 1440 Dicimur
664 1398 984 1440 sceleratissimi
1029 1398 1082 1439 de
1127 1403 1402 1440 sacramento
1447 1398 1711 1440 infanticidii
1757 1403 1802 1439 et

232 1486 397 1541 pabulo
415 1485 529 1535 inde,
552 1490 596 1526 et
614 1490 715 1540 post
734 1485 987 1525 conuiuium
1006 1484 1186 1535 incesto,
1208 1485 1327 1539 quod
1346 1499 1566 1526 euersores
1583 1485 1800 1526 luminum

233 1588 376 1624 canes,
399 1573 577 1614 lenones
598 1572 763 1614 scilicet
784 1571 1079 1621 tenebrarum,
1103 1571 1336 1612 libidinum
1358 1572 1593 1626 impiarum
1614 1572 1659 1613 in
1681 1586 1799 1612 uere-
1825 1588 1866 1620 15

233 1654 441 1696 cundiam
481 1657 730 1709 procurent.
791 1652 990 1694 Dicimur
1030 1658 1180 1694 tamen
1220 1667 1402 1708 semper,
1445 1667 1523 1693 nec
1563 1667 1642 1694 uos
1682 1653 1801 1707 quod

234 1741 329 1777 tam
361 1735 437 1776 diu
467 1734 654 1776 dicimur
685 1748 832 1775 eruere
863 1733 1039 1775 curatis.
1102 1734 1217 1789 Ergo
1249 1739 1328 1775 aut
1359 1734 1509 1784 eruite,
1543 1734 1578 1775 si
1610 1734 1798 1784 creditis,

234 1822 315 1858 aut
339 1816 476 1857 nolite
502 1815 687 1865 credere,
718 1814 792 1869 qui
819 1829 907 1856 non
934 1814 1119 1856 eruistis.
1181 1814 1247 1855 De
1274 1820 1421 1856 uestra
1447 1814 1573 1856 uobis
1600 1815 1799 1857 dissimu-

233 1898 399 1940 latione
436 1896 747 1952 praescribitur
783 1910 868 1937 non
909 1910 1000 1937 esse
1037 1896 1156 1951 quod
1192 1910 1272 1938 nec
1308 1897 1390 1952 ipsi
1427 1897 1601 1938 audetis
1638 1911 1798 1939 eruere.

235 1980 384 2036 Longe
415 1979 535 2020 aliud
566 1993 726 2020 munus
758 1977 949 2019 carnifici
980 1978 1024 2019 in
1057 1978 1326 2020 Christianos
1356 1978 1596 2034 imperatis,
1630 1993 1719 2020 non
1750 1984 1802 2021 ut
1821 2000 1868 2023 20

235 2061 388 2102 dicant
418 2075 531 2115 quae
561 2060 743 2110 faciunt,
776 2059 852 2101 sed
882 2065 934 2100 ut
962 2065 1124 2115 negent
1154 2060 1273 2114 quod
1303 2065 1420 2102 sunt.
1482 2060 1645 2102 Census
1674 2061 1801 2102 istius

236 2142 504 2197 disciplinae,
545 2146 596 2182 ut
633 2141 722 2182 iam
761 2127 990 2191 edidimus,
1031 2156 1056 2182 a
1097 2141 1267 2182 Tiberio
1307 2146 1386 2183 est.
1448 2141 1557 2183 Cum
1596 2141 1695 2183 odio
1734 2142 1799 2183 sui

235 2224 381 2278 coepit
402 2222 579 2264 ueritas.
641 2221 779 2263 Simul
802 2226 938 2276 atque
960 2222 1180 2276 apparuit,
1206 2223 1382 2264 inimica
1406 2228 1484 2264 est.
1546 2223 1631 2264 Tot
1654 2223 1800 2264 hostes

235 2306 327 2346 eius
358 2309 469 2359 quot
499 2303 708 2353 extranei,
737 2308 782 2344 et
812 2302 989 2357 quidem
1022 2303 1194 2358 proprie
1225 2318 1278 2345 ex
1309 2304 1603 2345 aemulatione
1631 2303 1797 2353 Iudaei,

236 2401 288 2427 ex
320 2385 602 2427 concussione
631 2384 804 2434 milites,
838 2398 891 2424 ex
921 2390 1081 2426 natura
1110 2385 1192 2439 ipsi
1224 2385 1357 2427 etiam
1387 2385 1615 2427 domestici
1646 2386 1796 2427 nostri.
1821 2402 1864 2433 25

236 2466 405 2508 Cotidie
425 2465 689 2514 obsidemur,
713 2464 872 2505 cotidie
893 2465 1131 2519 prodimur,
1155 2466 1199 2506 in
1219 2466 1323 2520 ipsis
1343 2466 1580 2520 plurimum
1602 2466 1799 2508 coetibus

235 2553 280 2588 et
304 2544 715 2601 congregationibus
738 2545 898 2586 nostris
922 2545 1223 2600 opprimimur.
1286 2545 1392 2595 Quis
1414 2561 1627 2601 umquam
1652 2546 1800 2588 taliter

234 2628 429 2683 uagienti
482 2626 643 2668 infanti
696 2627 977 2681 superuenit?
1042 2626 1147 2676 Quis
1201 2632 1394 2677 cruenta,
1451 2633 1502 2669 ut
1553 2628 1796 2678 inuenerat,

234 2709 476 2764 Cyclopum
522 2713 567 2749 et
612 2707 812 2748 Sirenum
858 2722 933 2749 ora
977 2707 1109 2748 iudici
1156 2708 1423 2749 reseruauit?
1489 2708 1594 2758 Quis
1639 2709 1708 2750 uel
1753 2709 1797 2750 in

235 2789 446 2831 uxoribus
489 2787 635 2842 aliqua
678 2787 891 2829 inmunda
935 2788 1120 2843 uestigia
1163 2788 1478 2842 deprehendit?
1543 2789 1648 2838 Quis
1692 2789 1797 2831 talia
1818 2808 1864 2840 30

235 2869 429 2911 facinora
471 2882 571 2908 cum
610 2867 861 2918 inuenisset,
905 2868 1065 2909 celauit
1104 2873 1184 2910 aut
1222 2868 1424 2910 uendidit
1462 2869 1579 2923 ipsos
1620 2869 1798 2910 trahens
