1975 3306
279 148 360 187 166
850 145 1256 187 TERTVLLIANI
1517 147 1575 201 [p.
1602 147 1653 186 14
1676 145 1703 187 1.
1733 147 1838 186 13-

277 263 352 305 t-he
389 263 557 305 Roman
592 263 769 320 Empire
811 262 1063 316 (Aberdeen
1098 264 1232 316 1906)
1268 277 1338 319 pp.
1373 264 1455 303 215
1480 262 1521 303 ff.
1597 260 1840 303 Selecbions

278 335 383 376 from
418 335 494 376 the
528 334 671 376 Greek
706 333 865 390 Papyri
897 334 955 390 by
987 333 1038 375 G.
1062 333 1264 390 Milligan
1293 332 1486 387 (Cambr.
1519 334 1651 384 1910)
1680 347 1720 388 p.
1744 332 1839 373 113.

277 404 395 459 A.S.]
447 405 492 446 113
513 404 550 446 is
572 419 675 460 very
697 404 900 445 doubtful
923 403 1121 445 whether
1142 403 1218 445 the
1241 403 1453 458 impulsor
1477 402 1675 444 Chrestus
1696 400 1838 453 (Suet.

278 475 428 518 Claud.
463 476 538 528 25)
569 489 648 515 can
680 474 838 515 denote
872 473 1033 517 Christ.
1103 472 1187 515 See
1222 473 1373 515 Herm.
1401 472 1589 515 Schiller
1620 470 1773 514 Gesch.
1800 470 1838 512 d.

237 560 256 590 5
277 551 380 587 10111.
416 543 661 586 Kaiserzeib
693 556 708 585 I
742 545 824 585 447
860 559 899 584 n.
934 545 970 586 6.

365 631 405 672 p.
422 617 477 656 14
492 616 515 658 1.
533 617 586 657 16
602 614 688 656 and
705 614 756 656 17
773 626 949 656 ODITVR
963 613 1091 655 Neue
1106 613 1417 655 Formenlehre
1434 617 1501 654 III3
1516 614 1611 655 643.
1650 612 1842 668 Georges

278 686 474 727 Lexikon
506 685 582 727 der
613 685 687 727 lab.
711 684 1016 726 Wortformen.
1082 683 1274 725 Hartel's
1303 683 1390 724 ind.
1420 689 1465 725 ‘eo
1495 682 1670 724 Lucifer
1702 681 1841 725 Calar.

278 757 517 812 coniuyatio
547 771 585 812 p.
610 758 694 798 356
717 756 793 797 001.
817 757 853 796 2.
917 755 1091 796 Ro'nseh
1116 754 1232 796 Itala
1255 770 1295 795 u.
1318 754 1514 810 Vulgata
1537 755 1633 795 283.

366 842 405 883 p.
430 829 484 868 14
506 827 532 869 l.
556 826 607 869 17
633 838 748 876 QVID
779 837 907 875 NOVI,
940 837 981 867 SI
1014 836 1186 875 ALIQVA
1218 835 1483 866 DISCIPLINA
1517 834 1578 864 DE
1610 834 1843 864 MAGISTRO

219 912 260 935 10
280 908 636 938 COGNOMENTVM
653 907 992 938 SECTATORIBVS
1009 907 1106 937 SVIS
1124 906 1320 936 INDVCIT
1337 898 1350 926 2
1384 905 1546 935 NONNE
1564 905 1842 935 PHILOSOPHI

280 978 341 1008 DE
374 978 663 1008 AVCTORIBVS
696 978 794 1007 SVIS
827 976 1179 1007 NVNCVPANTVR
1211 975 1470 1013 PLATONICI,
1504 974 1734 1012 EPICVREI,
1767 975 1843 1005 PY-

279 1040 566 1079 THAGORICI2
629 1036 786 1078 Iustin.
819 1036 918 1079 dial.
953 1039 977 1078 2
1011 1052 1050 1092 p.
1084 1037 1360 1077 2180—2190.
1395 1037 1449 1077 35
1488 1050 1527 1091 p.
1562 1033 1842 1076 253‘1—254a.

280 1107 414 1151 Clem.
439 1108 507 1150 Al.
530 1114 603 1149 str.
627 1119 696 1149 VII
718 1106 738 1165 ξ
761 1110 844 1149 108
867 1122 905 1164 p.
931 1108 1015 1148 900
1039 1106 1083 1148 Ρ.
1147 1105 1361 1162 Epiphan.
1386 1105 1500 1148 haer.
1524 1116 1675 1145 XLVIII
1702 1106 1767 1147 14.

368 1195 407 1236 p.
435 1181 488 1220 14
510 1180 533 1221 1.
559 1181 612 1220 22
637 1191 740 1221 COCI
763 1190 909 1220 ETIAM
933 1190 992 1219 AB
1016 1189 1169 1220 APIClo
1198 1177 1294 1218 qu.
1320 1188 1368 1217 lv
1393 1178 1447 1218 23
1470 1191 1509 1216 n.
1533 1191 1602 1232 pp.
1628 1178 1724 1224 221,
1747 1177 1844 1218 396.

219 1265 259 1296 15
281 1251 397 1292 Tert.
421 1250 474 1291 de
496 1251 596 1306 pall.
621 1252 644 1292 5
669 1250 694 1292 f.
717 1252 753 1303 (I
777 1265 816 1306 p.
841 1251 946 1303 954)
969 1255 1081 1291 taceo
1105 1248 1296 1290 Nerones
1325 1253 1363 1289 et
1391 1246 1602 1303 Apicios
1631 1252 1668 1288 et
1695 1246 1844 1302 Rufos.

282 1320 567 1362 Friedl'ander
601 1319 1007 1376 Sittengeschichte
1041 1323 1091 1359 115
1118 1319 1350 1359 622-629
1384 1316 1523 1358 shows
1555 1316 1654 1357 that
1686 1316 1847 1366 artists,

281 1390 475 1439 dancers,
489 1390 681 1431 abhletes
698 1396 778 1431 cet.
797 1388 1000 1430 assumed
1019 1388 1095 1429 the
1112 1402 1263 1428 names
1286 1387 1334 1428 of
1350 1387 1518 1427 famous
1541 1386 1845 1442 predecessors.

369 1476 408 1517 p.
445 1462 500 1501 14
534 1461 558 1502 1.
598 1462 653 1502 23
695 1471 786 1501 NEC
828 1471 988 1501 TAMEN
1029 1470 1292 1508 QVEMQVAM
1331 1468 1565 1499 OFFENDIT
1601 1469 1848 1499 PROFESSIO

282 1543 481 1573 NOMINIS
504 1543 600 1572 CVM
624 1541 952 1572 INSTITVTIONE
973 1540 1261 1571 TRANSMISSA
1284 1540 1344 1569 AB
1366 1539 1671 1569 INSTITVTORE
1694 1543 1748 1568 On
1771 1528 1847 1570 'che

220 1619 264 1641 20
282 1601 506 1658 impuniby
524 1602 571 1642 of
585 1601 886 1657 philosophers
904 1615 974 1641 see
993 1615 1025 1641 0.
1044 1601 1099 1640 48
1119 1601 1185 1641 49.
1236 1598 1393 1640 Iustin.
1411 1598 1520 1653 apol.
1541 1609 1556 1638 Ι
1574 1600 1601 1638 4
1615 1598 1686 1639 fin.
1705 1613 1742 1654 p.
1763 1601 1846 1640 550.

285 1674 338 1714 26
358 1673 383 1714 f.
415 1687 455 1728 p.
489 1670 565 1713 70¹³
597 1671 760 1716 πάντες
798 1670 839 1712 οἱ
868 1669 960 1713 ἀπὸ
994 1668 1163 1712 τούτων
1197 1668 1469 1724 <gnostics>
1502 1666 1758 1722 ὁρμώμενοι,
1792 1669 1847 1714 ὡς

284 1742 460 1797 ἔφημεν,
484 1741 752 1797 Χριστιανοὶ
775 1743 1031 1789 καλοῦνται,
1050 1738 1098 1781 ὃν
1122 1737 1290 1794 τρόπον
1313 1738 1388 1780 καὶ
1413 1738 1452 1780 οἱ
1470 1739 1521 1780 οὐ
1540 1741 1849 1784 κοινωνοῦντες

284 1815 372 1855 τῶν
389 1813 534 1855 αὐτῶν
554 1813 787 1868 δογμάτων
805 1813 850 1854 ἐν
873 1814 964 1856 τοῖς
982 1809 1254 1867 φιλοσόφοις
1271 1808 1320 1851 τὸ
1340 1808 1692 1863 ἐπικαλούμενον
1710 1808 1848 1862 ὄνομα

285 1887 362 1937 τῆς
385 1883 661 1940 φιλοσοφίας
691 1882 838 1925 κοινὸν
868 1882 1064 1939 ἔχουσιν.
1134 1881 1171 1923 εἰ
1202 1880 1247 1923 δὲ
1277 1881 1350 1922 καὶ
1381 1879 1436 1922 τὰ
1464 1879 1681 1936 δύσφημα
1705 1881 1849 1922 ἐκεῖνα

223 1972 264 2004 25
286 1951 654 2006 μυθολογούμενα
676 1951 784 2007 ἔργα
807 1953 1073 2005 πράττουσι,
1088 1948 1279 2007 λυχνίας
1293 1949 1372 2001 μὲν
1395 1947 1653 2005 ἀνατροπὴν
1675 1949 1748 1990 καὶ
1771 1948 1850 1995 τὰς

287 2021 445 2073 ἀνέδην
476 2022 616 2077 μίξεις
648 2022 722 2064 καὶ
755 2021 1045 2078 ἀνθρωπείων
1079 2022 1260 2075 σαρκῶν
1291 2020 1446 2074 βοράς,
1470 2019 1519 2061 οὐ
1551 2018 1848 2074 γινώσκομεν·

288 2091 393 2133 ἀλλ’
426 2093 493 2134 ὅτι
525 2092 585 2146 μὴ
619 2092 857 2134 διώκονται
888 2091 997 2146 μηδὲ
1030 2089 1290 2145 φονεύονται
1323 2088 1395 2146 ὑφ’
1421 2091 1552 2144 ὑμῶν,
1575 2089 1658 2131 κᾶν
1691 2088 1762 2131 διὰ
1796 2088 1850 2131 τὰ

289 2160 502 2215 δόγματα,
525 2161 820 2215 ἐπιστάμεθα.
883 2160 1001 2216 Orig.
1025 2175 1056 2201 0.
1083 2159 1194 2202 Cels.
1219 2172 1253 2200 ΙΙ
1279 2162 1332 2201 13
1357 2175 1394 2215 p.
1420 2162 1474 2201 68
1506 2157 1577 2200 διὰ
1607 2162 1736 2201 ποῖον
1765 2159 1850 2215 γὰρ

291 2231 433 2287 δόγμα
456 2235 541 2274 τῶν
564 2233 609 2274 ἐν
630 2232 882 2288 ἀνθρώποις
904 2230 1202 2286 γεγενημένων
1232 2232 1497 2282 κολάζονται
1521 2230 1594 2272 καὶ
1619 2230 1762 2279 ἄλλοι,
1787 2229 1853 2273 ὅτι

230 2320 272 2351 30
293 2301 404 2357 ὁρῶν
426 2301 481 2344 τὰ
504 2302 652 2355 ἀσεβῆ
675 2301 701 2355 ἢ
725 2301 779 2343 τὰ
803 2301 950 2357 ψευδῆ
974 2301 1059 2343 τῶν
1083 2300 1315 2354 δογμάτων
1339 2299 1713 2355 κατηγορούμενα,
1732 2300 1853 2354 ἔδοξε

294 2371 367 2413 καὶ
391 2375 522 2414 τοῦτο
546 2371 777 2423 σεμνύνειν
800 2370 872 2413 διὰ
895 2373 973 2412 τοῦ
995 2369 1230 2426 προλέγειν
1255 2370 1385 2423 δῆθεν
1407 2369 1509 2425 περὶ
1533 2370 1696 2417 αὐτοῦ,·
1729 2376 1851 2411 κ.τ.λ.

293 2442 556 2498 Philosophy
587 2442 689 2483 does
727 2448 802 2483 nob
840 2441 885 2482 in
919 2442 1006 2482 fact
1043 2440 1138 2481 laek
1174 2446 1360 2495 marbyrs
1397 2439 1482 2480 and
1519 2440 1765 2488 eonfess‹›1·s‚
1798 2455 1853 2481 an

294 2513 585 2568 Anaxagoras,
608 2528 633 2553 a
655 2512 866 2560 Socrates,
884 2526 909 2552 a
932 2511 1171 2559 Musoni-us,
1194 2509 1280 2551 and
1303 2509 1388 2550 had
1412 2509 1542 2550 much
1566 2515 1611 2550 to
1635 2511 1723 2550 sear
1745 2510 1852 2551 from

294 2583 369 2624 the
394 2583 560 2623 Roman
590 2586 877 2638 government]
906 2580 992 2621 and
1023 2581 1130 2621 from
1162 2580 1237 2621 the
1269 2579 1367 2620 mob
1397 2579 1644 2620 L110.Alex.
1669 2581 1722 2620 45
1757 2578 1778 2621 ὁ
1810 2579 1854 2621 δὲ

232 2668 274 2699 35
294 2651 589 2708 Ἀλέξανδρος
607 2650 920 2706 ἀγανακτήσας
943 2651 1015 2692 ἐπὶ
1039 2652 1101 2707 τῷ
1119 2651 1290 2706 ἐλέγχῳ
1315 2649 1388 2691 καὶ
1410 2648 1469 2702 μὴ
1489 2648 1634 2705 φέρων
1651 2652 1729 2691 τοῦ
1747 2648 1853 2691 ὀνεί-

296 2721 395 2767 δους
419 2721 496 2774 τὴν
518 2720 731 2772 ἀλήθειαν
755 2719 928 2763 ἐκέλευε
956 2720 1056 2765 τοὺς
1087 2718 1312 2776 πορόντας
1340 2718 1482 2763 λίθοις
1504 2718 1699 2772 βάλλειν
1721 2718 1855 2761 αὐτὸν

295 2791 322 2845 ἢ
352 2791 426 2833 καὶ
456 2791 614 2835 αὐτούς
644 2792 812 2844 ἐναγεῖς
842 2789 1029 2833 ἔσεσθαι
1059 2790 1133 2832 καὶ
1163 2788 1500 2845 Ἐπικουρείους
1529 2788 1853 2841 κληθήσεσθαι.

296 2865 351 2905 4-6
386 2863 408 2904 f.
445 2861 531 2904 ἔδει
566 2863 648 2914 γῆν
682 2861 770 2918 πρὸ
804 2861 884 2915 γῆς
919 2861 1192 2904 ἐλαύνεσθαι
1227 2862 1284 2906 ὡς
1321 2860 1466 2912 ἀσεβῆ
1505 2859 1579 2902 καὶ
1615 2858 1745 2902 ἄθεον
1780 2859 1856 2902 καὶ
