1975 3306
68 163 108 204 p.
133 149 189 190 80
209 147 237 189 l.
264 148 307 201 3]
579 147 1023 191 APOLOGETICVS
1056 150 1109 191 23
1545 150 1626 190 321

72 266 126 306 55
150 279 189 305 n.
214 266 249 305 1.
266 266 451 306 58—59.
476 263 542 305 77.
561 266 615 306 83
634 279 672 305 n.
698 266 719 305 1
745 263 830 305 and
848 266 883 305 2.
908 266 975 306 88.
994 266 1060 306 89.
1081 265 1135 306 90
1153 265 1222 318 (cf.
1241 264 1368 306 Mati.
1387 266 1414 305 4
1437 267 1461 306 5
1484 263 1571 305 and
1594 266 1631 306 6.

74 334 197 376 Luke
214 337 241 376 4
266 337 290 377 9
313 335 398 376 and
423 336 498 389 10)
521 337 585 377 91.
611 334 890 377 92.142.157
909 324 1345 377 fj158.160—1-2.
1383 335 1632 376 Theodotus

73 405 118 446 in
141 405 285 447 Rufin.
310 405 426 447 Hist.
446 406 557 447 Eccl.
581 417 611 446 V
631 407 683 447 16
703 420 741 462 p.
761 407 856 447 285.
917 405 1036 460 [Add
1059 405 1229 447 Ambst.
1253 405 1299 446 in
1321 405 1442 447 Rom.
1462 408 1500 454 8,
1520 408 1634 447 38—

74 478 109 518 9.
154 477 205 518 A.
221 476 285 531 S]

162 561 200 602 p.
230 549 284 588 78
314 547 338 588 l.
363 549 416 588 29
447 558 679 588 LACERTOS
708 547 756 588 cf.
780 562 812 588 c.
837 549 861 589 9
893 562 931 603 p.
956 548 1011 588 32
1042 547 1065 588 l.
1092 549 1155 588 18.
1209 545 1328 588 Laet.
1355 545 1455 588 Diu.
1483 546 1590 588 Inst.
1618 557 1634 587 Ι
1656 557 1675 590 5

76 619 128 658 21
152 615 172 673 ξ
195 616 260 658 17.
311 616 410 658 Seu.
434 617 478 658 in
502 617 614 674 Aug.
639 617 705 658 De
729 615 822 658 Ciu.
847 617 931 658 Dei
954 628 1002 657 VI
1029 619 1093 658 10.

162 701 200 743 p.
234 689 289 728 80
322 687 346 728 1.
381 689 406 729 3
438 702 581 743 power
613 687 659 728 of
688 686 908 728 exorcism.
972 687 1099 728 Mati.
1136 686 1158 728 7
1195 688 1260 728 22.
1324 686 1447 727 Luke
1481 688 1535 728 10
1570 686 1634 728 17.

75 756 183 797 Acts
210 758 235 797 3
269 757 305 798 6.
368 756 545 812 Dionys.
576 756 808 798 Alexandr.
839 756 884 797 in
918 756 1073 798 Euseb.
1106 756 1221 798 Hist.
1256 756 1459 798 Eccl.V11
1488 758 1537 798 10
1568 755 1636 813 §4

75 827 143 880 (cf.
182 825 431 867 Heinichen
472 826 526 868 ad
569 827 592 868 l.
637 842 674 883 p.
714 827 830 880 334).
894 825 1112 882 Bingham
1156 837 1212 866 ΙΙΙ
1255 828 1293 868 4.
1347 837 1432 867 XVI
1471 828 1506 868 6.
1550 828 1575 868 3
1610 826 1635 868 f.

77 896 322 938 Theodorou
353 896 500 938 Graec.
530 896 615 938 Aff.
639 896 740 939 Cur.
771 908 825 937 ΙΙΙ
854 895 874 953 ξ
904 898 985 937 105
1016 911 1055 952 p.
1087 898 1141 937 55
1174 898 1238 938 26.
1305 896 1516 938 Athanas.
1548 895 1635 938 Vit.
1658 913 1702 936 10

79 967 181 1008 Ant.
200 966 361 1023 passim
377 981 451 1023 og.
470 966 523 1008 78
542 968 565 1009 f.
583 969 648 1009 80.
695 967 819 1024 Kaye
838 966 1021 1008 89—97.
1038 968 1122 1008 389
1141 981 1225 1021 seq.
1243 967 1338 1007 399.
1354 967 1449 1007 433.
1468 965 1562 1007 infr.
1582 968 1635 1008 25

79 1051 138 1092 pr.
162 1051 201 1077 n.
227 1036 292 1077 27.
316 1038 381 1078 32.
407 1036 460 1078 37
493 1051 531 1093 p.
558 1039 640 1078 108
671 1037 694 1079 l.
720 1039 773 1079 29
792 1052 830 1078 n.
893 1036 963 1077 Ad
997 1035 1120 1092 Scap.
1155 1037 1190 1077 2.
1256 1035 1321 1077 De
1354 1035 1548 1091 Spectac.
1583 1037 1636 1078 26

80 1122 117 1163 p.
150 1108 203 1148 25
237 1107 260 1148 l.
294 1109 347 1149 23
376 1107 501 1149 Wiss.
534 1109 587 1149 29
620 1123 658 1164 p.
691 1106 743 1149 27
778 1108 801 1149 l.
834 1109 887 1148 22
913 1106 1038 1148 Wiss.
1072 1121 1178 1161 quae
1208 1106 1350 1148 maior
1381 1106 1634 1161 uoluptas...

80 1192 209 1232 qnam
243 1178 392 1219 mortis
424 1178 554 1220 timor
584 1178 757 1219 nullus?
795 1177 906 1233 quod
939 1177 1081 1219 calcas
1112 1176 1210 1219 deos
1240 1177 1496 1218 nationum?
1530 1175 1640 1231 qaod

80 1247 306 1289 daemonia
335 1249 511 1304 eoepellis
526 1248 681 1290 ?...hae
712 1248 966 1303 uoluptates,
997 1247 1099 1290 haec
1126 1247 1368 1302 spectacula
1402 1246 1638 1288 Christian-
1662 1259 1703 1292 15

81 1331 203 1359 oram
236 1323 396 1368 sancta,
427 1324 647 1374 perpetaa,
682 1318 891 1373 yratuita.
955 1316 1114 1358 Minue.
1154 1315 1206 1357 27
1245 1315 1265 1372 ξ
1301 1319 1325 1358 6
1360 1316 1460 1359 liaeo
1497 1317 1641 1358 omnia

80 1386 219 1429 sciant
242 1386 453 1441 pleraque
475 1402 586 1442 pars
608 1393 796 1429 uestrum
818 1387 932 1442 ipsos
961 1386 1191 1428 daemonas
1217 1386 1266 1428 de
1292 1386 1526 1440 semetipsis
1548 1400 1640 1428 con-

72 1456 207 1511 fiteri,
229 1457 387 1511 quoties
409 1472 437 1498 a
458 1457 576 1498 nobis
598 1463 634 1498 et
657 1457 876 1499 tormentis
898 1456 1124 1498 uerborum
1146 1462 1183 1498 et
1205 1456 1411 1498 orationis
1433 1456 1642 1498 incendiis

83 1525 133 1568 cle
164 1526 411 1581 emporibus
442 1527 679 1582 eoeiynntar.
742 1526 870 1583 Cypr.
895 1527 971 1583 Ep.
998 1526 1051 1568 75
1077 1528 1130 1568 10
1148 1541 1207 1581 sq.
1270 1526 1341 1567 Ad
1373 1526 1640 1567 Demetrian.

85 1598 138 1636 15
170 1611 190 1637 o
219 1596 258 1637 si
286 1595 441 1638 audire
472 1611 539 1638 eos
570 1597 679 1639 uelis
707 1603 745 1639 et
773 1597 932 1645 uidere,
962 1597 1131 1652 quando
1161 1596 1427 1638 adiurantur
1458 1611 1486 1637 a
1514 1596 1642 1646 nobis,
1661 1612 1705 1635 20

83 1672 341 1722 torquentur,
363 1666 636 1721 spiritalibus
654 1668 817 1724 flayris
839 1673 877 1709 et
911 1667 1134 1709 uerborum
1154 1667 1375 1709 tormentis
1396 1667 1446 1708 de
1472 1666 1644 1708 obsessis

83 1737 329 1792 emporibus
350 1737 573 1788 eiciuntur,
596 1738 767 1794 quando
789 1738 1024 1780 lieialantes
1045 1744 1082 1779 et
1106 1742 1312 1793 yementes
1334 1751 1432 1779 uoce
1452 1736 1644 1777 humana

86 1813 123 1849 et
132 1813 338 1862 potestate
353 1808 510 1850 diuina
516 1809 702 1864 flayella
716 1815 753 1850 et
766 1808 943 1850 uerbera
957 1808 1177 1849 sentientes
1192 1812 1418 1849 uenturam
1432 1806 1643 1848 iudicium

86 1878 345 1933 confitentur.
408 1879 507 1920 ueni
528 1885 565 1921 et
587 1894 777 1934 coynosce
799 1894 904 1921 uera
925 1893 1010 1920 esse
1033 1893 1139 1933 quae
1160 1878 1369 1920 dicimus:
1401 1883 1439 1919 et
1460 1877 1563 1932 qaia
1584 1877 1644 1919 sic

86 1949 183 1991 cleos
204 1949 334 1991 colere
362 1955 399 1991 te
428 1949 548 1998 (licis,
572 1950 638 1991 uel
660 1950 768 2006 ipsis
793 1950 914 1992 crede
940 1964 1040 2004 qnos
1063 1949 1174 1991 colis.
1233 1954 1307 1989 aut
1328 1948 1367 1989 si
1392 1947 1580 1990 uolueris
1607 1953 1644 1989 et
1663 1962 1706 1995 25

88 2019 166 2060 tibi
191 2019 370 2068 credere,
392 2019 443 2061 cle
464 2025 500 2061 te
522 2020 613 2075 ipso
636 2020 830 2075 loquetur
852 2019 1049 2061 audiente
1071 2025 1108 2061 te
1130 2019 1203 2074 qai
1224 2033 1333 2060 nanc
1355 2024 1473 2060 taum
1496 2024 1644 2073 pectus

91 2088 256 2138 obsedit,
273 2089 347 2144 qai
363 2104 472 2131 nanc
489 2096 667 2132 mentem
683 2095 804 2132 tuam
820 2089 1091 2144 i97207·antiae
1108 2093 1221 2130 nocte
1238 2088 1436 2130 caecaait.
1483 2086 1645 2129 uidebis

90 2174 163 2200 nos
193 2159 343 2213 royari
372 2159 423 2200 ab
452 2159 511 2201 eis
542 2174 643 2214 quos
672 2165 717 2202 ta
749 2174 888 2214 royas,
919 2159 1063 2200 timeri
1091 2158 1142 2199 ab
1171 2158 1231 2200 eis
1261 2172 1362 2213 quos
1390 2163 1434 2199 ta
1461 2156 1643 2198 adoras:

91 2229 254 2270 uidebis
274 2229 348 2270 sab
369 2244 501 2270 mana
522 2236 668 2272 nostra
689 2236 803 2272 stare
825 2230 988 2271 uinctos
1009 2235 1047 2271 et
1069 2235 1246 2271 tremere
1268 2228 1459 2282 captiuos
1481 2241 1582 2281 qicos
1599 2232 1645 2268 ta

90 2297 270 2352 suspicis
291 2303 328 2339 et
356 2298 577 2339 ueneraris
597 2304 644 2340 ut
673 2299 874 2340 dominos.
927 2304 1033 2340 certe
1061 2298 1129 2339 uel
1155 2297 1216 2339 sic
1244 2295 1449 2351 conscindi
1477 2296 1522 2336 in
1550 2296 1645 2337 istis
1663 2312 1707 2344 30

91 2367 305 2409 erroribus
332 2368 418 2410 tais
442 2369 616 2423 poteris,
648 2368 816 2423 quando
849 2368 1111 2423 conspeoeeris
1142 2373 1179 2410 et
1207 2367 1400 2409 audieris
1429 2365 1525 2408 oleos
1553 2371 1644 2408 tuos

91 2437 194 2492 quid
229 2438 315 2479 sint
344 2437 673 2493 interroyatione
710 2444 855 2480 nostra
885 2439 1033 2479 statim
1063 2437 1247 2492 prodere
1282 2442 1320 2478 et
1348 2434 1644 2490 praesentibus

92 2506 186 2548 licet
217 2506 334 2548 uobis
363 2508 628 2562 praestiyias
660 2507 765 2548 illas
797 2513 836 2549 et
859 2506 1073 2562 fallacias
1103 2521 1204 2547 snas
1234 2521 1317 2547 non
1340 2520 1464 2561 posse
1497 2505 1642 2547 celare.

94 2575 221 2628 Quod
258 2576 372 2618 idola
405 2577 450 2618 di
482 2592 569 2618 non
606 2577 694 2618 sint
733 2576 754 2618 7
789 2580 862 2631 (25
899 2578 955 2630 3).
1017 2577 1132 2617 Zeno
1169 2575 1235 2617 De
1271 2575 1419 2616 Resur.
1451 2574 1498 2615 in
1531 2574 1642 2616 Bibl.

94 2645 206 2686 MaX.
245 2646 357 2687 Patr.
391 2658 445 2687 ΙΙΙ
483 2644 605 2687 412b0
641 2647 695 2700 (=
714 2646 776 2687 ed.
816 2645 1037 2695 Bzzllefini,
1075 2646 1256 2694 Verona,
1294 2644 1417 2694 1739,
1453 2660 1492 2700 p.
1529 2645 1643 2698 122),
1662 2656 1706 2688 35

95 2730 119 2755 a
150 2729 253 2771 very
284 2715 463 2771 graphio
493 2715 757 2771 description
789 2716 836 2756 of
866 2715 1073 2756 exorcism
1102 2741 1170 2764 —,
1203 2714 1273 2755 ubi
1306 2719 1476 2755 uentum
1501 2714 1645 2769 fuerit

96 2784 153 2825 acl
187 2784 329 2826 diuini
364 2786 609 2828 certaminis
645 2801 844 2841 campum
881 2785 1167 2840 coeperintque
1197 2784 1313 2826 sacri
1347 2784 1532 2825 nominis
1566 2783 1642 2825 telo

90 2844 420 2908 pulsari...cum
448 2855 601 2897 diuina
629 2855 901 2897 adiuratione
930 2855 976 2896 in
1008 2854 1143 2897 eculeo
1172 2853 1366 2909 spiritali
1394 2859 1432 2895 et
1459 2853 1531 2908 qui
1560 2853 1645 2894 sint

205 2952 248 2977 M.
269 2952 303 2978 Τ.
1485 2940 1530 2976 21
