1975 3306
153 124 195 166 p.
220 111 324 177 501.
349 112 420 165 33]
668 112 1117 156 APOLOGETICVS
1155 116 1205 156 15
1634 115 1714 156 247

151 228 394 283 indiynatio
446 230 730 285 relangyuescit
771 231 968 279 Alcidae,
1009 231 1048 272 si
1099 231 1323 286 trayoeslia
1373 231 1606 287 Sophoclis,
1649 233 1719 274 cui

155 299 411 342 Trachiniae
443 315 586 342 nomen
621 307 690 350 est,
723 301 958 357 Euripidis
990 307 1066 344 aut
1097 302 1309 344 Hercules
1340 303 1579 345 actitatur?

239 381 608 412 MERIDIANORVM
632 370 730 413 Sen.
752 372 827 428 Ep.
849 371 871 413 7
890 369 910 428 ξ
927 375 950 413 5
969 387 1094 415 mane
1117 373 1302 415 leonibus
1324 379 1361 415 et
1381 373 1496 415 ursis
1516 373 1718 423 homines,

151 439 330 481 meridie
360 439 664 494 spectatoribus
694 441 784 481 suis
811 440 1060 482 obiciuntur.
1121 439 1140 497 ξ
1169 443 1194 483 3
1225 456 1327 483 casu
1353 442 1398 483 in
1424 442 1716 484 meridianum

149 509 433 564 spectaculum
455 509 600 558 incidi,
620 509 738 552 lusus
755 517 999 565 ea'spectans
1022 517 1058 553 et
1079 512 1189 553 sales
1211 517 1249 554 et
1271 512 1445 568 aliquid
1468 513 1714 563 laxamenti,
1736 527 1756 558 5

149 595 228 635 quo
260 580 480 621 hominum
513 581 625 622 oculi
659 580 711 623 ab
737 581 923 623 humano
949 597 1100 623 cruore
1126 583 1405 637 acquiescant.
1468 588 1616 624 contra
1645 589 1715 633 est,

149 649 354 706 quicquid
395 656 492 693 ante
521 657 764 706 pugnatum
799 657 869 702 est,
906 652 1208 695 misericordia
1235 652 1338 709 fuit.
1401 668 1512 695 nunc
1548 653 1716 695 omissis

151 721 274 776 nuyis
310 736 430 762 onera
464 721 700 763 homicidia
732 728 855 763 sunt:
908 722 1019 763 nihil
1055 722 1218 773 habent,
1260 738 1338 778 quo
1381 729 1604 778 teyantur:
1656 723 1715 765 acl

148 792 280 834 ictum
311 791 408 833 totis
440 791 686 847 corporibus
718 792 908 848 eccpositi,
938 807 1174 848 numquam
1194 791 1376 848 frustra
1407 808 1585 835 manum
1616 793 1713 835 mit-

148 868 241 905 tunt
271 868 351 904 cet.
1735 881 1779 903 10

235 948 274 989 p.
300 935 354 974 50
377 933 401 975 l.
427 935 480 974 28
519 932 657 974 Blunf.
681 932 821 989 Right
844 932 949 979 Usa,
972 934 1068 974 359.
1131 932 1390 989 Marquard‘o
1413 938 1482 974 ΠΙ2
1505 935 1590 975 564
1611 948 1650 976 n.
1676 936 1714 975 2.

148 1005 231 1045 562
254 1019 294 1044 n.
317 1018 378 1059 pr.

234 1090 272 1131 p.
298 1075 353 1116 50
376 1074 399 1115 1.
425 1075 476 1116 31
504 1084 791 1122 INQVIETANT
821 1072 921 1115 Sen.
952 1074 1029 1129 Ep.
1063 1075 1087 1114 2
1115 1071 1135 1129 ξ
1158 1076 1193 1115 1.
1227 1076 1280 1114 14
1310 1071 1329 1130 ξ
1352 1076 1387 1116 2.
1421 1072 1472 1115 27
1502 1073 1522 1130 ξ
1545 1075 1580 1115 6.
1643 1073 1713 1114 De

147 1144 367 1200 Tranquil.
393 1146 417 1185 2
439 1142 458 1200 ἓ
481 1147 502 1184 1
528 1150 632 1185 cen:
666 1158 735 1184 see
764 1143 941 1199 printed
970 1159 1009 1185 n.
1073 1144 1189 1185 Tert.
1222 1144 1288 1185 De
1318 1143 1444 1187 Cam.
1477 1143 1575 1186 Chr.
1602 1146 1622 1184 1
1648 1158 1709 1199 pr.

147 1216 221 1272 qui
243 1216 380 1271 fidem
410 1214 734 1256 resurrectionis
765 1214 933 1256 student
963 1214 1212 1269 inquietare.
1732 1229 1775 1261 15

235 1301 273 1342 p.
300 1287 354 1327 50
377 1286 401 1327 l.
424 1287 479 1327 32
510 1295 817 1326 OBSOLETANT.
872 1284 966 1327 One
1000 1285 1127 1326 other
1157 1300 1340 1341 passage
1372 1285 1420 1326 of
1442 1285 1557 1326 Tert.
1581 1284 1708 1326 cited.

147 1357 211 1400 Cf.
235 1356 398 1412 [Nicet.
432 1356 485 1397 de
518 1355 683 1412 uigiliis
712 1354 732 1412 ξ
759 1358 784 1397 3
814 1371 853 1412 p.
886 1358 953 1406 58,
985 1357 1038 1398 19
1070 1356 1132 1397 ed.
1162 1356 1294 1398 Burn.
1325 1355 1376 1397 A.
1400 1355 1463 1410 S]
1494 1355 1710 1411 payinam

147 1427 274 1483 Greg.
306 1427 463 1468 Turon.
496 1426 623 1468 Mart.
658 1437 692 1466 ΙΙ
725 1428 751 1468 3
782 1441 822 1482 p.
856 1427 941 1468 610
976 1427 1040 1468 16.
1105 1425 1240 1468 Gloss.
1272 1425 1422 1467 Isidor.
1453 1425 1709 1476 obsoletatus,

139 1499 346 1554 pollutus,
373 1497 636 1553 inquinatus,
669 1496 805 1538 Gloss.
839 1496 1146 1538 Arabico-Lat.
1180 1512 1219 1552 p.
1255 1495 1339 1537 708
1372 1496 1494 1537 Vulo.
1526 1496 1708 1545 obsolito‚

146 1568 283 1610 obtero
315 1567 384 1608 uel
414 1566 600 1621 inquino.
664 1565 790 1607 With
820 1565 896 1607 the
931 1565 1114 1622 reading
1144 1568 1191 1606 of
1217 1564 1320 1608 Cod.
1356 1565 1480 1607 Fuld.
1511 1565 1709 1607 adsolant
1727 1582 1773 1605 20

145 1639 194 1679 ef.
224 1637 279 1678 ad
308 1642 396 1678 nat.
420 1648 437 1677 Ι
462 1638 516 1677 10
544 1651 583 1691 p.
608 1637 664 1677 80
693 1635 718 1677 l.
750 1637 805 1676 14
834 1635 959 1677 Wiss.
989 1635 1164 1690 sinyula
1194 1635 1280 1677 ista
1310 1635 1377 1687 (as
1409 1634 1706 1688 here)...diui-

145 1708 306 1757 nitatis,
340 1706 376 1747 si
398 1705 691 1747 maiestatis
720 1705 989 1762 fastigium
1019 1705 1267 1747 adsolant.
1331 1704 1435 1747 ibid.
1460 1719 1498 1760 p.
1524 1704 1577 1746 75
1602 1704 1625 1745 l.
1651 1702 1704 1745 27

145 1777 271 1818 Wiss.
298 1775 405 1817 with
429 1774 624 1817 Oehler's
652 1784 767 1823 notae,
789 1789 914 1829 saepe
936 1789 1123 1816 censores
1145 1773 1381 1816 inconsulto
1398 1774 1559 1828 populo
1582 1772 1706 1814 aolso-

146 1847 354 1888 lauerunt.
418 1844 553 1887 Gloss.
586 1844 632 1885 in
659 1843 749 1885 Mai
773 1843 905 1886 Class.
930 1844 1106 1885 Auctor.
1131 1855 1181 1884 VI
1209 1845 1295 1885 504
1323 1843 1556 1884 adsolitum
1581 1842 1706 1896 (-at-)

145 1917 332 1959 adlitum
354 1916 480 1969 (-is-).
1725 1934 1743 1955 2
1750 1933 1770 1965 5

234 1997 507 2028 CENSENTVR
533 2000 564 2027 c.
594 1987 647 2026 12
671 2000 708 2041 p.
733 1987 788 2026 44
811 1985 835 2026 l.
861 1987 925 2027 15.
979 1984 1092 2025 infra
1114 1999 1145 2026 c.
1171 1985 1226 2024 24
1249 1998 1345 2039 p.n1.
1370 1998 1407 2039 p.
1433 1985 1487 2025 86
1511 1983 1534 2024 1.
1562 1982 1596 2025 7.
1649 1982 1704 2024 ad

145 2064 234 2099 nat.
257 2069 273 2098 Ι
298 2059 352 2098 10
380 2071 419 2112 p.
450 2058 505 2097 80
532 2056 556 2097 l.
581 2057 634 2098 16
659 2055 785 2097 Wiss
809 2056 860 2097 cle
891 2061 1128 2110 contemptu
1158 2054 1300 2109 ‘actique
1331 2059 1548 2095 censentur
1577 2068 1705 2108 quam

146 2127 310 2183 [surely
332 2132 423 2168 tam
444 2125 494 2167 A.
519 2125 581 2178 S.]
612 2140 758 2167 eorum
786 2125 861 2179 qui
891 2123 1139 2165 eiusmodi
1160 2123 1375 2179 factitant
1403 2138 1531 2178 quarn
1560 2138 1704 2165 eorum

145 2197 219 2252 qui
249 2197 334 2237 ista
365 2194 613 2249 suscipiunt.
675 2194 788 2235 Adu.
826 2193 1032 2249 Hermog.
1068 2195 1122 2235 39
1160 2208 1199 2248 p.
1238 2194 1320 2234 169
1358 2192 1382 2234 l.
1419 2193 1443 2233 9
1483 2192 1558 2233 Kr.
1592 2192 1631 2233 si
1667 2198 1705 2234 et

143 2266 331 2308 materia
366 2265 514 2307 eaolern
546 2264 796 2306 aeternitate
829 2269 1029 2306 censetur.
1092 2263 1163 2304 Ad
1193 2263 1320 2304 onr.
1352 2274 1367 2303 Ι
1391 2264 1427 2304 6.
1487 2263 1553 2304 De
1587 2261 1702 2305 Cult.
1723 2280 1769 2311 30

145 2336 264 2378 Fem.
288 2347 304 2376 Ι
327 2336 354 2375 4
371 2334 396 2376 f.
459 2333 617 2375 Iustin.
641 2344 692 2373 XI
716 2335 768 2373 11
792 2331 812 2389 ξ
835 2335 858 2374 9
882 2333 956 2374 hoc
984 2347 1027 2374 se
1052 2338 1178 2387 patre
1206 2332 1367 2373 censeri
1392 2331 1511 2373 iubet.
1575 2331 1702 2388 Greg.

146 2405 251 2447 Naz.
271 2404 342 2447 Or.
366 2406 391 2444 4
417 2406 500 2444 118
523 2406 559 2454 (1
584 2401 735 2457 1430<¹).
789 2403 834 2456 [5
857 2400 877 2457 g
901 2405 966 2451 15,
990 2404 1027 2451 2,
1050 2416 1089 2457 p.
1115 2403 1210 2450 185,
1233 2401 1257 2442 1.
1283 2403 1336 2442 10
1360 2401 1468 2456 Eng.
1521 2401 1571 2441 A.
1595 2400 1659 2455 s]

234 2489 273 2530 p.
305 2475 359 2515 50
393 2473 417 2514 1.
451 2474 506 2513 33
538 2482 765 2513 EIVSMODI
798 2486 829 2513 c.
857 2472 923 2513 49.
956 2471 1009 2512 ad
1042 2476 1130 2511 nat.
1162 2471 1185 2511 1.
1209 2485 1241 2511 c.
1272 2470 1357 2510 and
1387 2481 1402 2510 1
1426 2472 1450 2511 5
1480 2485 1519 2525 p.
1544 2472 1597 2512 66
1629 2470 1651 2512 1.
1676 2473 1703 2511 4

146 2544 272 2585 Wiss.
305 2548 343 2585 et
373 2548 513 2584 tamen
547 2541 756 2583 eiusmodi
786 2555 913 2595 neque
940 2545 1253 2595 conyreyantur
1284 2554 1409 2594 neque
1433 2540 1703 2595 participant

146 2614 370 2656 nobiscum.
424 2611 585 2653 Oehler
605 2626 644 2667 p.
669 2613 750 2652 631
776 2626 831 2652 on
854 2611 980 2666 Bapt.
1006 2612 1071 2651 12.
1122 2609 1189 2650 De
1212 2609 1361 2650 Idolol.
1386 2612 1437 2650 21
1462 2624 1500 2665 p.
1526 2612 1578 2651 55
1604 2610 1626 2651 l.
1648 2609 1699 2652 17
1722 2622 1767 2653 35

147 2683 273 2724 Wiss.
302 2683 347 2723 in
381 2681 589 2724 eiusmodi
621 2681 774 2722 riclere.
837 2679 904 2721 De
937 2679 1124 2720 Praescr.
1157 2679 1335 2721 Haeret.
1370 2682 1393 2720 5
1427 2680 1451 2721 f.
1514 2680 1702 2722 Hermas

147 2752 284 2795 Simil.
310 2754 332 2792 1
358 2752 414 2807 (p.
440 2750 494 2792 70
519 2750 571 2791 17
597 2749 736 2805 Hilg.)
759 2749 940 2790 diuitias
963 2754 1128 2790 uestras
1150 2749 1196 2788 in
1225 2748 1434 2790 eiusmodi
1462 2750 1701 2792 consumite.

71 2822 74 2824 ’
145 2821 272 2878 Cypr.
297 2821 373 2876 Ep.
398 2823 422 2861 2
444 2818 464 2876 ξ
487 2823 508 2860 1
532 2820 591 2875 (p.
615 2821 699 2860 468
724 2821 749 2859 4
772 2819 859 2871 Η.).
924 2817 1084 2860 Studia
1106 2817 1274 2859 Biblica
1296 2829 1346 2858 IV
1368 2820 1463 2860 306.
