<?xml version="1.0" encoding="UTF-8"?>
<!DOCTYPE html PUBLIC "-//W3C//DTD XHTML 1.0 Transitional//EN"
    "http://www.w3.org/TR/xhtml1/DTD/xhtml1-transitional.dtd">
<html xmlns="http://www.w3.org/1999/xhtml" xml:lang="en" lang="en">
 <head>
  <title>
</title>
<meta http-equiv="Content-Type" content="text/html;charset=utf-8" />
  <meta name='ocr-system' content='tesseract 3.04.00' />
  <meta name='ocr-capabilities' content='ocr_page ocr_carea ocr_par ocr_line ocrx_word'/>
</head>
<body>
  <div class='ocr_page' id='page_1' title='image "./qseptimiflorenti00tert_0110.png"; bbox 0 0 1975 3306; ppageno 0'>
   <div class='ocr_carea' id='block_1_1' title="bbox 272 183 1256 225">
    <p class='ocr_par' dir='ltr' id='par_1_1' title="bbox 272 183 1256 225">
     <span class='ocr_line' id='line_1_1' title="bbox 272 183 1256 225; baseline 0.002 -2"><span class='ocrx_word' id='word_1_1' title='bbox 272 183 326 224; x_wconf 88' lang='grc'>86</span> <span class='ocrx_word' id='word_1_2' title='bbox 851 183 1256 225; x_wconf 84' lang='lat' dir='ltr'>TERTVLLIANI</span> 
     </span>
    </p>
   </div>
   <div class='ocr_carea' id='block_1_2' title="bbox 270 298 1901 1401">
    <p class='ocr_par' dir='ltr' id='par_1_2' title="bbox 270 298 1901 1401">
     <span class='ocr_line' id='line_1_2' title="bbox 273 298 1836 354; baseline 0.001 -15"><span class='ocrx_word' id='word_1_3' title='bbox 273 298 430 340; x_wconf 88' lang='lat' dir='ltr'>auibus</span> <span class='ocrx_word' id='word_1_4' title='bbox 453 304 498 340; x_wconf 88' lang='lat' dir='ltr'>et</span> <span class='ocrx_word' id='word_1_5' title='bbox 524 298 672 340; x_wconf 88' lang='lat' dir='ltr'>bestiis</span> <span class='ocrx_word' id='word_1_6' title='bbox 696 298 999 340; x_wconf 88' lang='lat' dir='ltr'>consecrandis</span> <span class='ocrx_word' id='word_1_7' title='bbox 1024 304 1068 340; x_wconf 91' lang='lat' dir='ltr'>et</span> <span class='ocrx_word' id='word_1_8' title='bbox 1091 299 1236 354; x_wconf 89' lang='lat' dir='ltr'>capite</span> <span class='ocrx_word' id='word_1_9' title='bbox 1259 299 1523 341; x_wconf 83' lang='lat' dir='ltr'>damnandis</span> <span class='ocrx_word' id='word_1_10' title='bbox 1547 299 1622 354; x_wconf 80' lang='lat' dir='ltr'>qui</span> <span class='ocrx_word' id='word_1_11' title='bbox 1644 299 1836 354; x_wconf 80' lang='lat' dir='ltr'>aliquem</span> 
     </span>
     <span class='ocr_line' id='line_1_3' title="bbox 273 368 1837 424; baseline 0.001 -15"><span class='ocrx_word' id='word_1_12' title='bbox 273 368 523 410; x_wconf 89' lang='lat' dir='ltr'>huiusmodi</span> <span class='ocrx_word' id='word_1_13' title='bbox 568 368 699 410; x_wconf 91' lang='lat' dir='ltr'>deum</span> <span class='ocrx_word' id='word_1_14' title='bbox 744 368 964 410; x_wconf 89' lang='lat' dir='ltr'>occiderit.</span> <span class='ocrx_word' id='word_1_15' title='bbox 1026 368 1274 424; x_wconf 79' lang='lat' dir='ltr'>Unicuique</span> <span class='ocrx_word' id='word_1_16' title='bbox 1318 369 1452 410; x_wconf 87' lang='lat' dir='ltr'>etiam</span> <span class='ocrx_word' id='word_1_17' title='bbox 1497 369 1748 424; x_wconf 90' lang='lat' dir='ltr'>prouinciae</span> <span class='ocrx_word' id='word_1_18' title='bbox 1793 375 1837 410; x_wconf 88' lang='lat' dir='ltr'>et</span> 
     </span>
     <span class='ocr_line' id='line_1_4' title="bbox 275 437 1834 493; baseline 0.001 -14"><span class='ocrx_word' id='word_1_19' title='bbox 275 438 447 479; x_wconf 86' lang='lat' dir='ltr'>ciuitati</span> <span class='ocrx_word' id='word_1_20' title='bbox 473 453 577 479; x_wconf 90' lang='lat' dir='ltr'>suus</span> <span class='ocrx_word' id='word_1_21' title='bbox 603 438 710 479; x_wconf 87' lang='lat' dir='ltr'>deus</span> <span class='ocrx_word' id='word_1_22' title='bbox 737 443 815 488; x_wconf 90' lang='lat' dir='ltr'>est,</span> <span class='ocrx_word' id='word_1_23' title='bbox 844 443 896 479; x_wconf 91' lang='lat' dir='ltr'>ut</span> <span class='ocrx_word' id='word_1_24' title='bbox 921 437 1071 493; x_wconf 82' lang='lat' dir='ltr'>Syriae</span> <span class='ocrx_word' id='word_1_25' title='bbox 1097 438 1310 489; x_wconf 86' lang='lat' dir='ltr'>Astartes,</span> <span class='ocrx_word' id='word_1_26' title='bbox 1340 444 1391 480; x_wconf 88' lang='lat' dir='ltr'>ut</span> <span class='ocrx_word' id='word_1_27' title='bbox 1416 438 1604 480; x_wconf 83' lang='lat' dir='ltr'>Arabiae</span> <span class='ocrx_word' id='word_1_28' title='bbox 1629 439 1834 488; x_wconf 80' lang='lat' dir='ltr'>Dusares,</span> 
     </span>
     <span class='ocr_line' id='line_1_5' title="bbox 274 507 1835 564; baseline 0.001 -16"><span class='ocrx_word' id='word_1_29' title='bbox 274 512 325 548; x_wconf 91' lang='lat' dir='ltr'>ut</span> <span class='ocrx_word' id='word_1_30' title='bbox 351 507 521 549; x_wconf 80' lang='lat' dir='ltr'>Noricis</span> <span class='ocrx_word' id='word_1_31' title='bbox 549 508 748 558; x_wconf 86' lang='lat' dir='ltr'>Belenus,</span> <span class='ocrx_word' id='word_1_32' title='bbox 779 513 830 549; x_wconf 91' lang='lat' dir='ltr'>ut</span> <span class='ocrx_word' id='word_1_33' title='bbox 856 508 1029 549; x_wconf 82' lang='lat' dir='ltr'>Africae</span> <span class='ocrx_word' id='word_1_34' title='bbox 1057 508 1275 559; x_wconf 86' lang='lat' dir='ltr'>Caelestis,</span> <span class='ocrx_word' id='word_1_35' title='bbox 1305 514 1356 550; x_wconf 91' lang='lat' dir='ltr'>ut</span> <span class='ocrx_word' id='word_1_36' title='bbox 1384 508 1674 550; x_wconf 72' lang='lat' dir='ltr'>Mauritaniae</span> <span class='ocrx_word' id='word_1_37' title='bbox 1701 508 1835 564; x_wconf 86' lang='lat' dir='ltr'>reguli</span> 
     </span>
     <span class='ocr_line' id='line_1_6' title="bbox 273 577 1874 633; baseline 0.002 -15"><span class='ocrx_word' id='word_1_38' title='bbox 273 577 353 618; x_wconf 87' lang='lat' dir='ltr'>sui.</span> <span class='ocrx_word' id='word_1_39' title='bbox 415 578 652 628; x_wconf 74' lang='lat' dir='ltr'>Romanas,</span> <span class='ocrx_word' id='word_1_40' title='bbox 676 584 725 619; x_wconf 89' lang='lat' dir='ltr'>ut</span> <span class='ocrx_word' id='word_1_41' title='bbox 742 578 909 633; x_wconf 83' lang='lat' dir='ltr'>opinor,</span> <span class='ocrx_word' id='word_1_42' title='bbox 930 578 1178 633; x_wconf 88' lang='lat' dir='ltr'>prouincias</span> <span class='ocrx_word' id='word_1_43' title='bbox 1197 578 1324 628; x_wconf 88' lang='lat' dir='ltr'>edidi,</span> <span class='ocrx_word' id='word_1_44' title='bbox 1345 593 1424 619; x_wconf 90' lang='lat' dir='ltr'>nec</span> <span class='ocrx_word' id='word_1_45' title='bbox 1443 584 1592 620; x_wconf 85' lang='lat' dir='ltr'>tamen</span> <span class='ocrx_word' id='word_1_46' title='bbox 1611 579 1837 620; x_wconf 87' lang='lat' dir='ltr'>Romanos</span> <span class='ocrx_word' id='word_1_47' title='bbox 1855 591 1874 622; x_wconf 89' lang='lat'><em>5</em></span> 
     </span>
     <span class='ocr_line' id='line_1_7' title="bbox 274 646 1837 703; baseline 0 -15"><span class='ocrx_word' id='word_1_48' title='bbox 274 646 378 688; x_wconf 89' lang='lat' dir='ltr'>deos</span> <span class='ocrx_word' id='word_1_49' title='bbox 412 661 575 698; x_wconf 89' lang='lat' dir='ltr'>earum,</span> <span class='ocrx_word' id='word_1_50' title='bbox 612 648 715 702; x_wconf 87' lang='lat' dir='ltr'>quia</span> <span class='ocrx_word' id='word_1_51' title='bbox 749 648 920 689; x_wconf 85' lang='lat' dir='ltr'>Romae</span> <span class='ocrx_word' id='word_1_52' title='bbox 952 662 1041 689; x_wconf 91' lang='lat' dir='ltr'>non</span> <span class='ocrx_word' id='word_1_53' title='bbox 1075 648 1213 703; x_wconf 88' lang='lat' dir='ltr'>magis</span> <span class='ocrx_word' id='word_1_54' title='bbox 1247 648 1450 689; x_wconf 87' lang='lat' dir='ltr'>coluntur</span> <span class='ocrx_word' id='word_1_55' title='bbox 1484 663 1618 703; x_wconf 86' lang='lat' dir='ltr'>quam</span> <span class='ocrx_word' id='word_1_56' title='bbox 1652 648 1727 703; x_wconf 85' lang='lat' dir='ltr'>qui</span> <span class='ocrx_word' id='word_1_57' title='bbox 1762 662 1837 702; x_wconf 90' lang='lat' dir='ltr'>per</span> 
     </span>
     <span class='ocr_line' id='line_1_8' title="bbox 272 716 1834 773; baseline 0.001 -16"><span class='ocrx_word' id='word_1_58' title='bbox 272 716 414 771; x_wconf 83' lang='lat' dir='ltr'>ipsam</span> <span class='ocrx_word' id='word_1_59' title='bbox 461 731 637 772; x_wconf 87' lang='lat' dir='ltr'>quoque</span> <span class='ocrx_word' id='word_1_60' title='bbox 683 717 861 758; x_wconf 89' lang='lat' dir='ltr'>Italiam</span> <span class='ocrx_word' id='word_1_61' title='bbox 908 717 1161 773; x_wconf 84' lang='lat' dir='ltr'>municipali</span> <span class='ocrx_word' id='word_1_62' title='bbox 1209 718 1534 759; x_wconf 88' lang='lat' dir='ltr'>consecratione</span> <span class='ocrx_word' id='word_1_63' title='bbox 1581 723 1834 759; x_wconf 79' lang='lat' dir='ltr'>censentur:</span> 
     </span>
     <span class='ocr_line' id='line_1_9' title="bbox 273 786 1836 838; baseline 0.001 -11"><span class='ocrx_word' id='word_1_64' title='bbox 273 786 589 828; x_wconf 81' lang='lat' dir='ltr'>Casiniensium</span> <span class='ocrx_word' id='word_1_65' title='bbox 635 787 941 837; x_wconf 87' lang='lat' dir='ltr'>Deluentinus,</span> <span class='ocrx_word' id='word_1_66' title='bbox 990 787 1299 829; x_wconf 85' lang='lat' dir='ltr'>Narniensium</span> <span class='ocrx_word' id='word_1_67' title='bbox 1346 788 1610 838; x_wconf 66' lang='lat' dir='ltr'>visidianus,</span> <span class='ocrx_word' id='word_1_68' title='bbox 1659 787 1836 828; x_wconf 85' lang='lat' dir='ltr'>Ascula-</span> 
     </span>
     <span class='ocr_line' id='line_1_10' title="bbox 273 857 1835 908; baseline 0.001 -11"><span class='ocrx_word' id='word_1_69' title='bbox 273 871 430 897; x_wconf 86' lang='lat' dir='ltr'>norum</span> <span class='ocrx_word' id='word_1_70' title='bbox 446 857 679 907; x_wconf 89' lang='lat' dir='ltr'>Ancharia,</span> <span class='ocrx_word' id='word_1_71' title='bbox 698 857 1037 898; x_wconf 85' lang='lat' dir='ltr'>Volsiniensium</span> <span class='ocrx_word' id='word_1_72' title='bbox 1053 857 1223 908; x_wconf 86' lang='lat' dir='ltr'>Nortia,</span> <span class='ocrx_word' id='word_1_73' title='bbox 1244 857 1601 899; x_wconf 85' lang='lat' dir='ltr'>Ocriculanorum</span> <span class='ocrx_word' id='word_1_74' title='bbox 1618 857 1835 906; x_wconf 81' lang='lat' dir='ltr'>Valentia,</span> 
     </span>
     <span class='ocr_line' id='line_1_11' title="bbox 272 925 1901 977; baseline 0 -10"><span class='ocrx_word' id='word_1_75' title='bbox 272 925 551 967; x_wconf 79' lang='lat' dir='ltr'>Sutrinorum</span> <span class='ocrx_word' id='word_1_76' title='bbox 586 927 770 977; x_wconf 78' lang='lat' dir='ltr'>Hostia3</span> <span class='ocrx_word' id='word_1_77' title='bbox 822 927 1092 968; x_wconf 87' lang='lat' dir='ltr'>Faliscorum</span> <span class='ocrx_word' id='word_1_78' title='bbox 1128 927 1173 968; x_wconf 87' lang='lat' dir='ltr'>in</span> <span class='ocrx_word' id='word_1_79' title='bbox 1210 927 1419 969; x_wconf 87' lang='lat' dir='ltr'>honorem</span> <span class='ocrx_word' id='word_1_80' title='bbox 1456 928 1600 969; x_wconf 89' lang='lat' dir='ltr'>Patris</span> <span class='ocrx_word' id='word_1_81' title='bbox 1636 927 1758 969; x_wconf 85' lang='lat' dir='ltr'>Curis</span> <span class='ocrx_word' id='word_1_82' title='bbox 1794 932 1839 968; x_wconf 89' lang='lat' dir='ltr'>et</span> <span class='ocrx_word' id='word_1_83' title='bbox 1858 943 1901 967; x_wconf 94' lang='lat'>10</span> 
     </span>
     <span class='ocr_line' id='line_1_12' title="bbox 273 996 1839 1052; baseline 0 -15"><span class='ocrx_word' id='word_1_84' title='bbox 273 997 443 1051; x_wconf 90' lang='lat' dir='ltr'>accepit</span> <span class='ocrx_word' id='word_1_85' title='bbox 484 1010 725 1052; x_wconf 83' lang='lat' dir='ltr'>cognomen</span> <span class='ocrx_word' id='word_1_86' title='bbox 766 997 892 1038; x_wconf 89' lang='lat' dir='ltr'>Iuno.</span> <span class='ocrx_word' id='word_1_87' title='bbox 954 996 1039 1038; x_wconf 90' lang='lat' dir='ltr'>Sed</span> <span class='ocrx_word' id='word_1_88' title='bbox 1079 1012 1159 1038; x_wconf 90' lang='lat' dir='ltr'>nos</span> <span class='ocrx_word' id='word_1_89' title='bbox 1199 997 1277 1039; x_wconf 91' lang='lat' dir='ltr'>soli</span> <span class='ocrx_word' id='word_1_90' title='bbox 1318 1012 1517 1038; x_wconf 89' lang='lat' dir='ltr'>arcemur</span> <span class='ocrx_word' id='word_1_91' title='bbox 1557 1012 1581 1038; x_wconf 91' lang='lat' dir='ltr'>a</span> <span class='ocrx_word' id='word_1_92' title='bbox 1621 996 1839 1052; x_wconf 83' lang='lat' dir='ltr'>religionis</span> 
     </span>
     <span class='ocr_line' id='line_1_13' title="bbox 270 1066 1838 1121; baseline 0.001 -15"><span class='ocrx_word' id='word_1_93' title='bbox 270 1066 554 1121; x_wconf 86' lang='lat' dir='ltr'>proprietate.</span> <span class='ocrx_word' id='word_1_94' title='bbox 617 1066 853 1108; x_wconf 88' lang='lat' dir='ltr'>Laedimus</span> <span class='ocrx_word' id='word_1_95' title='bbox 893 1067 1118 1108; x_wconf 87' lang='lat' dir='ltr'>Romanos</span> <span class='ocrx_word' id='word_1_96' title='bbox 1158 1081 1238 1108; x_wconf 86' lang='lat' dir='ltr'>nec</span> <span class='ocrx_word' id='word_1_97' title='bbox 1278 1068 1469 1108; x_wconf 88' lang='lat' dir='ltr'>Romani</span> <span class='ocrx_word' id='word_1_98' title='bbox 1510 1067 1724 1108; x_wconf 88' lang='lat' dir='ltr'>habemur</span> <span class='ocrx_word' id='word_1_99' title='bbox 1764 1066 1838 1121; x_wconf 89' lang='lat' dir='ltr'>qui</span> 
     </span>
     <span class='ocr_line' id='line_1_14' title="bbox 270 1136 1840 1192; baseline 0.001 -16"><span class='ocrx_word' id='word_1_100' title='bbox 270 1150 360 1177; x_wconf 91' lang='lat' dir='ltr'>non</span> <span class='ocrx_word' id='word_1_101' title='bbox 401 1136 704 1177; x_wconf 86' lang='lat' dir='ltr'>Romanorum</span> <span class='ocrx_word' id='word_1_102' title='bbox 745 1136 877 1178; x_wconf 91' lang='lat' dir='ltr'>deum</span> <span class='ocrx_word' id='word_1_103' title='bbox 918 1137 1112 1179; x_wconf 86' lang='lat' dir='ltr'>colimus.</span> <span class='ocrx_word' id='word_1_104' title='bbox 1175 1137 1294 1178; x_wconf 89' lang='lat' dir='ltr'>Bene</span> <span class='ocrx_word' id='word_1_105' title='bbox 1335 1137 1454 1192; x_wconf 86' lang='lat' dir='ltr'>quod</span> <span class='ocrx_word' id='word_1_106' title='bbox 1494 1137 1691 1178; x_wconf 91' lang='lat' dir='ltr'>omnium</span> <span class='ocrx_word' id='word_1_107' title='bbox 1732 1136 1840 1177; x_wconf 85' lang='lat' dir='ltr'>deus</span> 
     </span>
     <span class='ocr_line' id='line_1_15' title="bbox 274 1206 1840 1261; baseline 0.001 -15"><span class='ocrx_word' id='word_1_108' title='bbox 274 1210 352 1256; x_wconf 89' lang='lat' dir='ltr'>est,</span> <span class='ocrx_word' id='word_1_109' title='bbox 387 1206 510 1247; x_wconf 90' lang='lat' dir='ltr'>cuius</span> <span class='ocrx_word' id='word_1_110' title='bbox 540 1206 726 1247; x_wconf 89' lang='lat' dir='ltr'>uelimus</span> <span class='ocrx_word' id='word_1_111' title='bbox 757 1211 836 1248; x_wconf 90' lang='lat' dir='ltr'>aut</span> <span class='ocrx_word' id='word_1_112' title='bbox 865 1207 1055 1248; x_wconf 89' lang='lat' dir='ltr'>nolimus</span> <span class='ocrx_word' id='word_1_113' title='bbox 1086 1221 1238 1248; x_wconf 90' lang='lat' dir='ltr'>omnes</span> <span class='ocrx_word' id='word_1_114' title='bbox 1268 1222 1431 1248; x_wconf 89' lang='lat' dir='ltr'>sumus.</span> <span class='ocrx_word' id='word_1_115' title='bbox 1494 1206 1578 1248; x_wconf 89' lang='lat' dir='ltr'>Sed</span> <span class='ocrx_word' id='word_1_116' title='bbox 1610 1206 1730 1261; x_wconf 86' lang='lat' dir='ltr'>apud</span> <span class='ocrx_word' id='word_1_117' title='bbox 1760 1220 1840 1247; x_wconf 90' lang='lat' dir='ltr'>uos</span> 
     </span>
     <span class='ocr_line' id='line_1_16' title="bbox 275 1275 1901 1331; baseline -0.001 -15"><span class='ocrx_word' id='word_1_118' title='bbox 275 1275 463 1330; x_wconf 87' lang='lat' dir='ltr'>quoduis</span> <span class='ocrx_word' id='word_1_119' title='bbox 503 1275 641 1317; x_wconf 89' lang='lat' dir='ltr'>colere</span> <span class='ocrx_word' id='word_1_120' title='bbox 679 1276 746 1318; x_wconf 90' lang='lat' dir='ltr'>ius</span> <span class='ocrx_word' id='word_1_121' title='bbox 785 1281 852 1318; x_wconf 91' lang='lat' dir='ltr'>est</span> <span class='ocrx_word' id='word_1_122' title='bbox 889 1282 1063 1331; x_wconf 89' lang='lat' dir='ltr'>praeter</span> <span class='ocrx_word' id='word_1_123' title='bbox 1101 1276 1233 1318; x_wconf 84' lang='lat' dir='ltr'>deum</span> <span class='ocrx_word' id='word_1_124' title='bbox 1272 1291 1438 1327; x_wconf 77' lang='lat' dir='ltr'>uerum,</span> <span class='ocrx_word' id='word_1_125' title='bbox 1481 1276 1605 1331; x_wconf 82' lang='lat' dir='ltr'>quasi</span> <span class='ocrx_word' id='word_1_126' title='bbox 1644 1291 1731 1317; x_wconf 90' lang='lat' dir='ltr'>non</span> <span class='ocrx_word' id='word_1_127' title='bbox 1772 1276 1839 1316; x_wconf 87' lang='lat' dir='ltr'>hic</span> <span class='ocrx_word' id='word_1_128' title='bbox 1860 1292 1901 1324; x_wconf 87' lang='lat'>15</span> 
     </span>
     <span class='ocr_line' id='line_1_17' title="bbox 275 1346 1397 1401; baseline 0.001 -15"><span class='ocrx_word' id='word_1_129' title='bbox 275 1346 414 1401; x_wconf 90' lang='lat' dir='ltr'>magis</span> <span class='ocrx_word' id='word_1_130' title='bbox 444 1346 642 1387; x_wconf 80' lang='lat' dir='ltr'>omniurn</span> <span class='ocrx_word' id='word_1_131' title='bbox 673 1346 731 1388; x_wconf 89' lang='lat' dir='ltr'>sit</span> <span class='ocrx_word' id='word_1_132' title='bbox 761 1346 868 1387; x_wconf 90' lang='lat' dir='ltr'>deus</span> <span class='ocrx_word' id='word_1_133' title='bbox 899 1346 1022 1388; x_wconf 83' lang='lat' dir='ltr'>cuius</span> <span class='ocrx_word' id='word_1_134' title='bbox 1052 1361 1202 1388; x_wconf 89' lang='lat' dir='ltr'>omnes</span> <span class='ocrx_word' id='word_1_135' title='bbox 1233 1361 1397 1388; x_wconf 90' lang='lat' dir='ltr'>sumus.</span> 
     </span>
    </p>
   </div>
   <div class='ocr_carea' id='block_1_3' title="bbox 275 1477 1906 2023">
    <p class='ocr_par' dir='ltr' id='par_1_3' title="bbox 275 1477 1906 2023">
     <span class='ocr_line' id='line_1_18' title="bbox 361 1477 1842 1535; baseline 0.001 -16"><span class='ocrx_word' id='word_1_136' title='bbox 361 1477 436 1520; x_wconf 83' lang='lat'>25.</span> <span class='ocrx_word' id='word_1_137' title='bbox 497 1478 613 1520; x_wconf 88' lang='lat' dir='ltr'>Satis</span> <span class='ocrx_word' id='word_1_138' title='bbox 648 1479 826 1533; x_wconf 87' lang='lat' dir='ltr'>quidem</span> <span class='ocrx_word' id='word_1_139' title='bbox 860 1479 967 1521; x_wconf 89' lang='lat' dir='ltr'>mihi</span> <span class='ocrx_word' id='word_1_140' title='bbox 1001 1479 1153 1521; x_wconf 88' lang='lat' dir='ltr'>uideor</span> <span class='ocrx_word' id='word_1_141' title='bbox 1186 1479 1394 1535; x_wconf 88' lang='lat' dir='ltr'>probasse</span> <span class='ocrx_word' id='word_1_142' title='bbox 1428 1480 1482 1521; x_wconf 90' lang='lat' dir='ltr'>de</span> <span class='ocrx_word' id='word_1_143' title='bbox 1516 1480 1625 1521; x_wconf 80' lang='lat' dir='ltr'>falsa</span> <span class='ocrx_word' id='word_1_144' title='bbox 1661 1485 1705 1521; x_wconf 91' lang='lat' dir='ltr'>et</span> <span class='ocrx_word' id='word_1_145' title='bbox 1738 1494 1842 1521; x_wconf 89' lang='lat' dir='ltr'>uera</span> 
     </span>
     <span class='ocr_line' id='line_1_19' title="bbox 276 1547 1839 1605; baseline 0.001 -16"><span class='ocrx_word' id='word_1_146' title='bbox 276 1547 525 1599; x_wconf 82' lang='lat' dir='ltr'>diuinitate,</span> <span class='ocrx_word' id='word_1_147' title='bbox 549 1562 649 1589; x_wconf 89' lang='lat' dir='ltr'>cum</span> <span class='ocrx_word' id='word_1_148' title='bbox 670 1548 971 1590; x_wconf 89' lang='lat' dir='ltr'>demonstraui</span> <span class='ocrx_word' id='word_1_149' title='bbox 992 1549 1367 1604; x_wconf 88' lang='lat' dir='ltr'>quemadmodum</span> <span class='ocrx_word' id='word_1_150' title='bbox 1389 1550 1592 1605; x_wconf 88' lang='lat' dir='ltr'>probatio</span> <span class='ocrx_word' id='word_1_151' title='bbox 1614 1550 1839 1599; x_wconf 77' lang='lat' dir='ltr'>consistat,</span> 
     </span>
     <span class='ocr_line' id='line_1_20' title="bbox 275 1618 1842 1674; baseline 0 -15"><span class='ocrx_word' id='word_1_152' title='bbox 275 1632 365 1659; x_wconf 92' lang='lat' dir='ltr'>non</span> <span class='ocrx_word' id='word_1_153' title='bbox 386 1618 518 1660; x_wconf 87' lang='lat' dir='ltr'>modo</span> <span class='ocrx_word' id='word_1_154' title='bbox 540 1618 930 1673; x_wconf 88' lang='lat' dir='ltr'>disputationibus,</span> <span class='ocrx_word' id='word_1_155' title='bbox 954 1633 1034 1660; x_wconf 90' lang='lat' dir='ltr'>nec</span> <span class='ocrx_word' id='word_1_156' title='bbox 1056 1619 1526 1674; x_wconf 81' lang='lat' dir='ltr'>argumentationibus,</span> <span class='ocrx_word' id='word_1_157' title='bbox 1551 1619 1626 1661; x_wconf 88' lang='lat' dir='ltr'>sed</span> <span class='ocrx_word' id='word_1_158' title='bbox 1647 1619 1842 1674; x_wconf 87' lang='lat' dir='ltr'>ipsorum</span> 
     </span>
     <span class='ocr_line' id='line_1_21' title="bbox 277 1688 1906 1744; baseline 0.001 -16"><span class='ocrx_word' id='word_1_159' title='bbox 277 1688 411 1729; x_wconf 87' lang='lat' dir='ltr'>etiam</span> <span class='ocrx_word' id='word_1_160' title='bbox 450 1688 714 1730; x_wconf 88' lang='lat' dir='ltr'>testimoniis</span> <span class='ocrx_word' id='word_1_161' title='bbox 753 1703 863 1744; x_wconf 89' lang='lat' dir='ltr'>quos</span> <span class='ocrx_word' id='word_1_162' title='bbox 901 1688 1006 1730; x_wconf 91' lang='lat' dir='ltr'>deos</span> <span class='ocrx_word' id='word_1_163' title='bbox 1044 1689 1232 1739; x_wconf 88' lang='lat' dir='ltr'>creditis,</span> <span class='ocrx_word' id='word_1_164' title='bbox 1273 1694 1325 1731; x_wconf 91' lang='lat' dir='ltr'>ut</span> <span class='ocrx_word' id='word_1_165' title='bbox 1362 1689 1469 1730; x_wconf 90' lang='lat' dir='ltr'>nihil</span> <span class='ocrx_word' id='word_1_166' title='bbox 1507 1690 1595 1730; x_wconf 87' lang='lat' dir='ltr'>iam</span> <span class='ocrx_word' id='word_1_167' title='bbox 1634 1689 1691 1730; x_wconf 92' lang='lat' dir='ltr'>ad</span> <span class='ocrx_word' id='word_1_168' title='bbox 1730 1689 1844 1730; x_wconf 90' lang='lat' dir='ltr'>hanc</span> <span class='ocrx_word' id='word_1_169' title='bbox 1861 1707 1906 1730; x_wconf 88' lang='lat'>20</span> 
     </span>
     <span class='ocr_line' id='line_1_22' title="bbox 276 1758 1844 1808; baseline 0.001 -10"><span class='ocrx_word' id='word_1_170' title='bbox 276 1771 455 1799; x_wconf 90' lang='lat' dir='ltr'>causam</span> <span class='ocrx_word' id='word_1_171' title='bbox 490 1758 548 1799; x_wconf 89' lang='lat' dir='ltr'>sit</span> <span class='ocrx_word' id='word_1_172' title='bbox 581 1758 928 1800; x_wconf 88' lang='lat' dir='ltr'>retractandum.</span> <span class='ocrx_word' id='word_1_173' title='bbox 991 1758 1209 1808; x_wconf 85' lang='lat' dir='ltr'>Quoniam</span> <span class='ocrx_word' id='word_1_174' title='bbox 1244 1764 1394 1800; x_wconf 89' lang='lat' dir='ltr'>tamen</span> <span class='ocrx_word' id='word_1_175' title='bbox 1430 1759 1621 1800; x_wconf 84' lang='lat' dir='ltr'>Romani</span> <span class='ocrx_word' id='word_1_176' title='bbox 1655 1758 1844 1800; x_wconf 89' lang='lat' dir='ltr'>nominis</span> 
     </span>
     <span class='ocr_line' id='line_1_23' title="bbox 275 1827 1843 1884; baseline 0.001 -16"><span class='ocrx_word' id='word_1_177' title='bbox 275 1827 450 1883; x_wconf 86' lang='lat' dir='ltr'>proprie</span> <span class='ocrx_word' id='word_1_178' title='bbox 488 1828 654 1869; x_wconf 89' lang='lat' dir='ltr'>mentio</span> <span class='ocrx_word' id='word_1_179' title='bbox 693 1828 894 1878; x_wconf 91' lang='lat' dir='ltr'>occurrit,</span> <span class='ocrx_word' id='word_1_180' title='bbox 934 1843 1024 1869; x_wconf 93' lang='lat' dir='ltr'>non</span> <span class='ocrx_word' id='word_1_181' title='bbox 1062 1829 1268 1870; x_wconf 91' lang='lat' dir='ltr'>omittam</span> <span class='ocrx_word' id='word_1_182' title='bbox 1308 1829 1668 1884; x_wconf 81' lang='lat' dir='ltr'>congressionem,</span> <span class='ocrx_word' id='word_1_183' title='bbox 1709 1843 1843 1883; x_wconf 83' lang='lat' dir='ltr'>quani</span> 
     </span>
     <span class='ocr_line' id='line_1_24' title="bbox 275 1897 1844 1953; baseline 0.001 -15"><span class='ocrx_word' id='word_1_184' title='bbox 275 1902 491 1952; x_wconf 89' lang='lat' dir='ltr'>prouocat</span> <span class='ocrx_word' id='word_1_185' title='bbox 536 1897 609 1938; x_wconf 91' lang='lat' dir='ltr'>illa</span> <span class='ocrx_word' id='word_1_186' title='bbox 656 1897 957 1953; x_wconf 85' lang='lat' dir='ltr'>praesumptio</span> <span class='ocrx_word' id='word_1_187' title='bbox 1003 1898 1244 1939; x_wconf 87' lang='lat' dir='ltr'>dicentium</span> <span class='ocrx_word' id='word_1_188' title='bbox 1291 1899 1518 1939; x_wconf 85' lang='lat' dir='ltr'>Romanos</span> <span class='ocrx_word' id='word_1_189' title='bbox 1563 1913 1641 1953; x_wconf 89' lang='lat' dir='ltr'>pro</span> <span class='ocrx_word' id='word_1_190' title='bbox 1688 1898 1844 1939; x_wconf 88' lang='lat' dir='ltr'>merito</span> 
     </span>
     <span class='ocr_line' id='line_1_25' title="bbox 275 1966 1846 2023; baseline 0.001 -16"><span class='ocrx_word' id='word_1_191' title='bbox 275 1966 573 2022; x_wconf 85' lang='lat' dir='ltr'>religiositatis</span> <span class='ocrx_word' id='word_1_192' title='bbox 606 1967 965 2023; x_wconf 84' lang='lat' dir='ltr'>diligentissimae</span> <span class='ocrx_word' id='word_1_193' title='bbox 997 1967 1042 2008; x_wconf 91' lang='lat' dir='ltr'>in</span> <span class='ocrx_word' id='word_1_194' title='bbox 1077 1973 1253 2009; x_wconf 89' lang='lat' dir='ltr'>tantum</span> <span class='ocrx_word' id='word_1_195' title='bbox 1288 1968 1574 2009; x_wconf 90' lang='lat' dir='ltr'>sublimitatis</span> <span class='ocrx_word' id='word_1_196' title='bbox 1608 1968 1758 2018; x_wconf 85' lang='lat' dir='ltr'>elatos,</span> <span class='ocrx_word' id='word_1_197' title='bbox 1795 1973 1846 2008; x_wconf 89' lang='lat' dir='ltr'>ut</span> 
     </span>
    </p>
   </div>
   <div class='ocr_carea' id='block_1_4' title="bbox 278 2043 1910 2934">
    <p class='ocr_par' dir='ltr' id='par_1_4' title="bbox 278 2043 1910 2934">
     <span class='ocr_line' id='line_1_26' title="bbox 278 2043 1906 2099; baseline -0.001 -15"><span class='ocrx_word' id='word_1_198' title='bbox 278 2043 429 2085; x_wconf 92' lang='lat' dir='ltr'>orbem</span> <span class='ocrx_word' id='word_1_199' title='bbox 451 2044 721 2099; x_wconf 91' lang='lat' dir='ltr'>occuparint,</span> <span class='ocrx_word' id='word_1_200' title='bbox 747 2049 791 2086; x_wconf 90' lang='lat' dir='ltr'>et</span> <span class='ocrx_word' id='word_1_201' title='bbox 811 2044 921 2085; x_wconf 91' lang='lat' dir='ltr'>adeo</span> <span class='ocrx_word' id='word_1_202' title='bbox 943 2044 1047 2085; x_wconf 88' lang='lat' dir='ltr'>deos</span> <span class='ocrx_word' id='word_1_203' title='bbox 1070 2059 1172 2094; x_wconf 89' lang='lat' dir='ltr'>esse,</span> <span class='ocrx_word' id='word_1_204' title='bbox 1197 2049 1249 2086; x_wconf 89' lang='lat' dir='ltr'>ut</span> <span class='ocrx_word' id='word_1_205' title='bbox 1269 2050 1444 2099; x_wconf 89' lang='lat' dir='ltr'>praeter</span> <span class='ocrx_word' id='word_1_206' title='bbox 1468 2050 1634 2086; x_wconf 88' lang='lat' dir='ltr'>ceteros</span> <span class='ocrx_word' id='word_1_207' title='bbox 1659 2043 1846 2086; x_wconf 86' lang='lat' dir='ltr'>floreant</span> <span class='ocrx_word' id='word_1_208' title='bbox 1863 2059 1906 2091; x_wconf 86' lang='lat'>25</span> 
     </span>
     <span class='ocr_line' id='line_1_27' title="bbox 279 2119 1846 2174; baseline 0 -14"><span class='ocrx_word' id='word_1_209' title='bbox 279 2119 354 2173; x_wconf 89' lang='lat' dir='ltr'>qui</span> <span class='ocrx_word' id='word_1_210' title='bbox 384 2119 467 2160; x_wconf 89' lang='lat' dir='ltr'>illis</span> <span class='ocrx_word' id='word_1_211' title='bbox 497 2119 688 2160; x_wconf 89' lang='lat' dir='ltr'>officium</span> <span class='ocrx_word' id='word_1_212' title='bbox 719 2125 893 2174; x_wconf 85' lang='lat' dir='ltr'>praeter</span> <span class='ocrx_word' id='word_1_213' title='bbox 923 2125 1089 2161; x_wconf 86' lang='lat' dir='ltr'>ceteros</span> <span class='ocrx_word' id='word_1_214' title='bbox 1119 2119 1299 2162; x_wconf 79' lang='lat' dir='ltr'>faciant.</span> <span class='ocrx_word' id='word_1_215' title='bbox 1362 2120 1536 2161; x_wconf 83' lang='lat' dir='ltr'>Scilicet</span> <span class='ocrx_word' id='word_1_216' title='bbox 1565 2120 1651 2161; x_wconf 90' lang='lat' dir='ltr'>ista</span> <span class='ocrx_word' id='word_1_217' title='bbox 1682 2134 1846 2161; x_wconf 88' lang='lat' dir='ltr'>merces</span> 
     </span>
     <span class='ocr_line' id='line_1_28' title="bbox 279 2195 1846 2251; baseline 0 -15"><span class='ocrx_word' id='word_1_218' title='bbox 279 2209 304 2236; x_wconf 89' lang='lat' dir='ltr'>a</span> <span class='ocrx_word' id='word_1_219' title='bbox 329 2195 543 2236; x_wconf 90' lang='lat' dir='ltr'>Romanis</span> <span class='ocrx_word' id='word_1_220' title='bbox 568 2195 659 2237; x_wconf 90' lang='lat' dir='ltr'>deis</span> <span class='ocrx_word' id='word_1_221' title='bbox 684 2210 762 2251; x_wconf 91' lang='lat' dir='ltr'>pro</span> <span class='ocrx_word' id='word_1_222' title='bbox 787 2195 929 2251; x_wconf 90' lang='lat' dir='ltr'>gratia</span> <span class='ocrx_word' id='word_1_223' title='bbox 954 2210 1145 2250; x_wconf 79' lang='lat' dir='ltr'>expensa</span> <span class='ocrx_word' id='word_1_224' title='bbox 1172 2202 1249 2238; x_wconf 88' lang='lat' dir='ltr'>est.</span> <span class='ocrx_word' id='word_1_225' title='bbox 1312 2196 1535 2238; x_wconf 88' lang='lat' dir='ltr'>Sterculus</span> <span class='ocrx_word' id='word_1_226' title='bbox 1561 2201 1605 2237; x_wconf 86' lang='lat' dir='ltr'>et</span> <span class='ocrx_word' id='word_1_227' title='bbox 1632 2195 1846 2237; x_wconf 90' lang='lat' dir='ltr'>Mutunus</span> 
     </span>
     <span class='ocr_line' id='line_1_29' title="bbox 280 2270 1842 2326; baseline 0.001 -15"><span class='ocrx_word' id='word_1_228' title='bbox 280 2276 324 2312; x_wconf 90' lang='lat' dir='ltr'>et</span> <span class='ocrx_word' id='word_1_229' title='bbox 358 2270 596 2312; x_wconf 88' lang='lat' dir='ltr'>Larentina</span> <span class='ocrx_word' id='word_1_230' title='bbox 631 2272 836 2326; x_wconf 80' lang='lat' dir='ltr'>prouexit</span> <span class='ocrx_word' id='word_1_231' title='bbox 869 2271 1116 2326; x_wconf 89' lang='lat' dir='ltr'>imperium.</span> <span class='ocrx_word' id='word_1_232' title='bbox 1177 2272 1432 2326; x_wconf 87' lang='lat' dir='ltr'>Peregrinos</span> <span class='ocrx_word' id='word_1_233' title='bbox 1468 2272 1583 2313; x_wconf 90' lang='lat' dir='ltr'>enim</span> <span class='ocrx_word' id='word_1_234' title='bbox 1619 2271 1723 2313; x_wconf 87' lang='lat' dir='ltr'>deos</span> <span class='ocrx_word' id='word_1_235' title='bbox 1758 2286 1842 2312; x_wconf 85' lang='lat' dir='ltr'>non</span> 
     </span>
     <span class='ocr_line' id='line_1_30' title="bbox 281 2347 1848 2403; baseline 0.001 -16"><span class='ocrx_word' id='word_1_236' title='bbox 281 2352 435 2400; x_wconf 89' lang='lat' dir='ltr'>putem</span> <span class='ocrx_word' id='word_1_237' title='bbox 468 2352 703 2388; x_wconf 85' lang='lat' dir='ltr'>extraneae</span> <span class='ocrx_word' id='word_1_238' title='bbox 734 2348 853 2403; x_wconf 86' lang='lat' dir='ltr'>genti</span> <span class='ocrx_word' id='word_1_239' title='bbox 886 2348 1024 2401; x_wconf 82' lang='lat' dir='ltr'>magis</span> <span class='ocrx_word' id='word_1_240' title='bbox 1056 2347 1231 2389; x_wconf 81' lang='lat' dir='ltr'>fautum</span> <span class='ocrx_word' id='word_1_241' title='bbox 1264 2348 1452 2389; x_wconf 88' lang='lat' dir='ltr'>uoluisse</span> <span class='ocrx_word' id='word_1_242' title='bbox 1484 2362 1618 2402; x_wconf 85' lang='lat' dir='ltr'>quam</span> <span class='ocrx_word' id='word_1_243' title='bbox 1651 2361 1767 2391; x_wconf 80' lang='lat' dir='ltr'>suae.</span> <span class='ocrx_word' id='word_1_244' title='bbox 1803 2353 1848 2389; x_wconf 87' lang='lat' dir='ltr'>et</span> 
     </span>
     <span class='ocr_line' id='line_1_31' title="bbox 280 2422 1910 2478; baseline 0.002 -16"><span class='ocrx_word' id='word_1_245' title='bbox 280 2422 474 2476; x_wconf 86' lang='lat' dir='ltr'>patrium</span> <span class='ocrx_word' id='word_1_246' title='bbox 503 2423 658 2473; x_wconf 89' lang='lat' dir='ltr'>solum,</span> <span class='ocrx_word' id='word_1_247' title='bbox 687 2424 733 2464; x_wconf 91' lang='lat' dir='ltr'>in</span> <span class='ocrx_word' id='word_1_248' title='bbox 762 2438 848 2478; x_wconf 88' lang='lat' dir='ltr'>quo</span> <span class='ocrx_word' id='word_1_249' title='bbox 877 2423 984 2473; x_wconf 88' lang='lat' dir='ltr'>nati,</span> <span class='ocrx_word' id='word_1_250' title='bbox 1015 2424 1169 2474; x_wconf 92' lang='lat' dir='ltr'>adulti,</span> <span class='ocrx_word' id='word_1_251' title='bbox 1200 2424 1421 2466; x_wconf 88' lang='lat' dir='ltr'>nobilitati</span> <span class='ocrx_word' id='word_1_252' title='bbox 1451 2423 1699 2478; x_wconf 88' lang='lat' dir='ltr'>sepultique</span> <span class='ocrx_word' id='word_1_253' title='bbox 1726 2430 1843 2474; x_wconf 84' lang='lat' dir='ltr'>sunt,</span> <span class='ocrx_word' id='word_1_254' title='bbox 1864 2443 1910 2475; x_wconf 88' lang='lat'>30</span> 
     </span>
     <span class='ocr_line' id='line_1_32' title="bbox 282 2498 1846 2556; baseline 0.002 -18"><span class='ocrx_word' id='word_1_255' title='bbox 282 2498 589 2541; x_wconf 79' lang='lat' dir='ltr'>transfretanis</span> <span class='ocrx_word' id='word_1_256' title='bbox 618 2499 801 2542; x_wconf 87' lang='lat' dir='ltr'>dedisse.</span> <span class='ocrx_word' id='word_1_257' title='bbox 862 2501 1233 2556; x_wconf 21' lang='lat' dir='ltr'>Viderithybele,</span> <span class='ocrx_word' id='word_1_258' title='bbox 1266 2501 1301 2543; x_wconf 92' lang='lat' dir='ltr'>si</span> <span class='ocrx_word' id='word_1_259' title='bbox 1330 2501 1483 2543; x_wconf 86' lang='lat' dir='ltr'>urbem</span> <span class='ocrx_word' id='word_1_260' title='bbox 1514 2501 1763 2542; x_wconf 85' lang='lat' dir='ltr'>Romanam</span> <span class='ocrx_word' id='word_1_261' title='bbox 1795 2507 1846 2541; x_wconf 89' lang='lat' dir='ltr'>ut</span> 
     </span>
     <span class='ocr_line' id='line_1_33' title="bbox 285 2574 1849 2632; baseline 0.002 -18"><span class='ocrx_word' id='word_1_262' title='bbox 285 2574 539 2616; x_wconf 90' lang='lat' dir='ltr'>memoriam</span> <span class='ocrx_word' id='word_1_263' title='bbox 586 2575 759 2617; x_wconf 89' lang='lat' dir='ltr'>Troiani</span> <span class='ocrx_word' id='word_1_264' title='bbox 803 2577 970 2632; x_wconf 88' lang='lat' dir='ltr'>generis</span> <span class='ocrx_word' id='word_1_265' title='bbox 1014 2577 1254 2627; x_wconf 86' lang='lat' dir='ltr'>adamauit,</span> <span class='ocrx_word' id='word_1_266' title='bbox 1302 2577 1524 2618; x_wconf 88' lang='lat' dir='ltr'>uernaculi</span> <span class='ocrx_word' id='word_1_267' title='bbox 1569 2576 1634 2618; x_wconf 90' lang='lat' dir='ltr'>sui</span> <span class='ocrx_word' id='word_1_268' title='bbox 1679 2576 1849 2618; x_wconf 87' lang='lat' dir='ltr'>scilicet</span> 
     </span>
     <span class='ocr_line' id='line_1_34' title="bbox 285 2649 1847 2708; baseline 0.001 -18"><span class='ocrx_word' id='word_1_269' title='bbox 285 2649 495 2691; x_wconf 89' lang='lat' dir='ltr'>aduersus</span> <span class='ocrx_word' id='word_1_270' title='bbox 540 2651 809 2693; x_wconf 88' lang='lat' dir='ltr'>Achiuorum</span> <span class='ocrx_word' id='word_1_271' title='bbox 855 2667 977 2694; x_wconf 87' lang='lat' dir='ltr'>arma</span> <span class='ocrx_word' id='word_1_272' title='bbox 1022 2653 1222 2708; x_wconf 87' lang='lat' dir='ltr'>protecti,</span> <span class='ocrx_word' id='word_1_273' title='bbox 1270 2653 1304 2694; x_wconf 94' lang='lat' dir='ltr'>si</span> <span class='ocrx_word' id='word_1_274' title='bbox 1350 2652 1407 2693; x_wconf 91' lang='lat' dir='ltr'>ad</span> <span class='ocrx_word' id='word_1_275' title='bbox 1453 2653 1615 2694; x_wconf 89' lang='lat' dir='ltr'>ultores</span> <span class='ocrx_word' id='word_1_276' title='bbox 1660 2652 1847 2694; x_wconf 88' lang='lat' dir='ltr'>transire</span> 
     </span>
     <span class='ocr_line' id='line_1_35' title="bbox 285 2726 1844 2783; baseline 0.003 -18"><span class='ocrx_word' id='word_1_277' title='bbox 285 2726 523 2780; x_wconf 82' lang='lat' dir='ltr'>prospexit,</span> <span class='ocrx_word' id='word_1_278' title='bbox 555 2741 664 2781; x_wconf 90' lang='lat' dir='ltr'>quos</span> <span class='ocrx_word' id='word_1_279' title='bbox 693 2727 860 2770; x_wconf 87' lang='lat' dir='ltr'>sciebat</span> <span class='ocrx_word' id='word_1_280' title='bbox 889 2727 1115 2770; x_wconf 86' lang='lat' dir='ltr'>Graeciam</span> <span class='ocrx_word' id='word_1_281' title='bbox 1145 2728 1363 2783; x_wconf 88' lang='lat' dir='ltr'>Phrygiae</span> <span class='ocrx_word' id='word_1_282' title='bbox 1391 2727 1716 2769; x_wconf 88' lang='lat' dir='ltr'>debellatricem</span> <span class='ocrx_word' id='word_1_283' title='bbox 1745 2727 1844 2769; x_wconf 91' lang='lat' dir='ltr'>sub—</span> 
     </span>
     <span class='ocr_line' id='line_1_36' title="bbox 286 2801 1908 2858; baseline 0.005 -18"><span class='ocrx_word' id='word_1_284' title='bbox 286 2805 474 2842; x_wconf 88' lang='lat' dir='ltr'>acturos.</span> <span class='ocrx_word' id='word_1_285' title='bbox 535 2801 695 2856; x_wconf 87' lang='lat' dir='ltr'>Itaque</span> <span class='ocrx_word' id='word_1_286' title='bbox 734 2803 979 2845; x_wconf 87' lang='lat' dir='ltr'>maiestatis</span> <span class='ocrx_word' id='word_1_287' title='bbox 1018 2818 1123 2845; x_wconf 87' lang='lat' dir='ltr'>suae</span> <span class='ocrx_word' id='word_1_288' title='bbox 1161 2804 1207 2845; x_wconf 88' lang='lat' dir='ltr'>in</span> <span class='ocrx_word' id='word_1_289' title='bbox 1247 2803 1400 2845; x_wconf 90' lang='lat' dir='ltr'>urbem</span> <span class='ocrx_word' id='word_1_290' title='bbox 1442 2803 1642 2844; x_wconf 87' lang='lat' dir='ltr'>conlatae</span> <span class='ocrx_word' id='word_1_291' title='bbox 1681 2803 1847 2858; x_wconf 87' lang='lat' dir='ltr'>grande</span> <span class='ocrx_word' id='word_1_292' title='bbox 1865 2815 1908 2848; x_wconf 87' lang='grc'>35</span> 
     </span>
     <span class='ocr_line' id='line_1_37' title="bbox 286 2875 1846 2934; baseline 0.003 -19"><span class='ocrx_word' id='word_1_293' title='bbox 286 2875 601 2917; x_wconf 86' lang='lat' dir='ltr'>documentum</span> <span class='ocrx_word' id='word_1_294' title='bbox 622 2883 774 2919; x_wconf 89' lang='lat' dir='ltr'>nostra</span> <span class='ocrx_word' id='word_1_295' title='bbox 795 2878 928 2920; x_wconf 90' lang='lat' dir='ltr'>etiam</span> <span class='ocrx_word' id='word_1_296' title='bbox 949 2884 1097 2921; x_wconf 87' lang='lat' dir='ltr'>aetate</span> <span class='ocrx_word' id='word_1_297' title='bbox 1117 2879 1359 2934; x_wconf 84' lang='lat' dir='ltr'>proposuit,</span> <span class='ocrx_word' id='word_1_298' title='bbox 1383 2893 1482 2920; x_wconf 90' lang='lat' dir='ltr'>cum</span> <span class='ocrx_word' id='word_1_299' title='bbox 1503 2878 1650 2920; x_wconf 90' lang='lat' dir='ltr'>Marco</span> <span class='ocrx_word' id='word_1_300' title='bbox 1671 2878 1846 2920; x_wconf 87' lang='lat' dir='ltr'>Aurelio</span> 
     </span>
    </p>
   </div>
  </div>
 </body>
</html>
