1975 3306
293 131 346 171 82
871 126 1277 169 TERTVLLIANI

292 243 454 284 eisdem
484 243 575 284 deis
604 243 761 284 uestris
790 256 878 283 non
907 247 1086 283 tantum
1116 242 1198 283 hoc
1227 241 1534 297 detegentibus
1564 241 1683 296 quod
1713 255 1854 296 neque

291 313 373 368 ipsi
395 313 463 354 dei
484 313 573 354 sint
593 326 735 367 neque
757 312 831 353 ulli
853 311 938 361 alii,
963 312 1098 353 etiam
1118 311 1226 353 illud
1247 312 1292 352 in
1314 311 1558 353 continenti
1579 311 1851 367 cognoscitis,

291 383 364 437 qui
392 383 449 423 sit
474 396 575 423 uere
602 382 721 432 deus,
751 387 796 423 et
822 396 879 422 an
904 381 974 422 ille
1002 386 1046 422 et
1072 395 1129 422 an
1156 381 1311 422 unicus
1337 395 1468 436 quem
1495 380 1730 422 Christiani
1756 395 1852 436 pro-

290 452 477 502 fitemur,
504 457 547 493 et
570 466 627 492 an
648 452 712 492 ita
735 451 977 492 credendus
1000 450 1308 505 colendusque,
1334 456 1385 492 ut
1406 450 1526 501 fides,
1552 456 1603 492 ut
1624 450 1854 505 disciplina

288 521 500 576 disposita
546 526 613 562 est
658 521 1019 562 Christianorum.
1080 520 1242 561 Dicent
1286 520 1471 561 ibidem:
1536 520 1595 561 Et
1641 520 1738 575 quis
1782 519 1852 561 ille
1871 532 1890 564 5

289 590 486 641 Christus
515 605 613 631 011111
644 605 722 631 8113
752 590 930 632 fabula?
979 590 1014 631 si
1044 590 1175 631 homo
1205 590 1449 631 communis
1478 589 1768 631 conditionis?
1817 589 1852 631 si

288 661 468 716 magus?
518 660 552 701 si
583 666 685 715 post
714 666 902 701 mortem
933 659 987 700 de
1017 659 1245 715 sepulchro
1276 674 1301 700 3
1332 659 1554 714 discipulis
1584 659 1847 714 subreptus?

286 731 320 771 si
346 744 462 771 nunc
488 730 676 785 denique
702 744 835 784 penes
858 729 1047 770 inferos?
1092 729 1127 770 si
1152 744 1241 770 non
1266 729 1311 770 in
1337 729 1466 770 caelis
1491 728 1651 784 potius,
1681 734 1725 770 et
1748 728 1850 770 inde

285 805 498 841 uenturus
536 813 636 841 cum
675 800 814 841 totius
852 799 1006 840 mundi
1044 804 1183 849 motu,
1225 813 1325 839 cum
1363 798 1480 840 orbis
1519 798 1707 848 horrore,
1749 812 1848 839 cum

284 870 466 925 planctu
495 870 706 920 omnium,
738 869 814 910 sed
843 883 932 911 non
962 868 1323 919 Christianorum,
1355 873 1406 910 ut
1435 868 1504 909 dei
1535 868 1676 910 uirtus
1705 873 1750 909 et
1779 867 1848 909 dei
1870 884 1912 907 10

282 940 463 994 spiritus
483 945 527 980 et
544 954 685 980 sermo
706 945 750 980 et
768 938 984 994 sapientia
1003 944 1048 979 et
1066 938 1180 980 ratio
1199 944 1245 979 et
1263 938 1333 979 dei
1351 937 1492 979 filius?
1545 937 1847 992 Quodcunque

282 1009 444 1059 ridetis,
477 1009 650 1050 rideant
680 1015 724 1050 et
752 1009 812 1050 illi
842 1008 1094 1058 uobiscum3
1141 1013 1303 1063 negent
1332 1007 1554 1049 Christum
1584 1021 1759 1048 omnem
1789 1007 1845 1048 ab

280 1093 389 1120 aeuo
425 1079 618 1120 animam
656 1078 862 1120 restituto
899 1092 1077 1133 corpore
1112 1078 1424 1128 iudicaturum,
1462 1077 1614 1118 dicant
1649 1077 1731 1118 hoc
1766 1091 1844 1132 pro

280 1154 502 1205 tribunali,
533 1155 568 1196 si
596 1155 722 1205 forte,
754 1154 945 1196 Minoem
974 1159 1019 1195 et
1046 1154 1444 1195 Rhadamanthum
1473 1153 1715 1195 secundum
1743 1167 1842 1194 con-

277 1245 453 1272 sensum
488 1231 686 1272 Platonis
720 1236 765 1272 et
798 1235 1030 1285 poetarum
1065 1230 1147 1271 hoc
1181 1245 1272 1272 esse
1305 1230 1506 1280 sortitos3
1558 1244 1663 1271 suae
1695 1229 1842 1271 saltim
1865 1241 1905 1272 15

275 1307 539 1362 ignominiae
583 1313 627 1349 et
669 1306 968 1348 damnationis
1010 1311 1164 1347 notam
1207 1306 1415 1347 refutent.
1478 1306 1757 1347 Renuntiant
1798 1320 1842 1347 80

276 1381 527 1423 immundos
557 1381 736 1436 spiritus
766 1395 869 1431 esse,
903 1380 1021 1435 quod
1051 1380 1121 1421 uel
1151 1394 1204 1421 ex
1233 1380 1406 1435 pabulis
1436 1395 1599 1430 eorum,
1631 1380 1841 1436 sanguine

276 1463 320 1498 et
356 1457 478 1498 fumo
516 1462 561 1498 et
597 1457 764 1512 putidis
800 1456 914 1512 rogis
951 1471 1171 1511 pecorum,
1212 1462 1257 1498 et
1291 1456 1648 1511 impuratissimis
1683 1455 1841 1511 linguis

274 1533 469 1587 ipsorum
504 1538 661 1574 uatum
694 1533 887 1588 intellegi
922 1532 1098 1574 debuit:
1151 1538 1341 1574 renuant
1374 1532 1430 1574 ob
1466 1532 1682 1574 malitiam
1717 1546 1838 1587 prae-

275 1609 509 1651 damnatos
540 1624 584 1651 80
613 1610 658 1651 111
689 1610 876 1651 eundem
906 1609 1055 1651 iudicii
1085 1609 1201 1651 diem
1233 1624 1332 1650 cum
1363 1609 1568 1650 omnibus
1597 1609 1839 1651 cultoribus
1859 1626 1903 1648 20

274 1692 319 1727 et
363 1685 695 1741 operationibus
738 1685 840 1727 suis.
901 1685 1071 1740 Atquin
1117 1685 1259 1727 omnis
1304 1686 1410 1726 haec
1456 1690 1607 1726 nostra
1652 1685 1698 1726 in
1742 1685 1838 1726 illos

273 1762 517 1804 dominatio
544 1768 588 1803 et
613 1767 811 1817 potestas
837 1762 890 1803 de
915 1761 1217 1803 nominatione
1242 1761 1401 1803 Christi
1428 1761 1548 1802 ualet
1573 1766 1617 1802 et
1642 1761 1696 1802 de
1721 1775 1835 1802 com-

274 1838 589 1879 memoratione
625 1852 775 1879 eorum
811 1851 924 1892 quae
958 1837 1040 1878 sibi
1075 1852 1101 1878 a
1135 1837 1216 1878 deo
1251 1852 1328 1892 per
1362 1836 1578 1878 arbitrum
1614 1837 1835 1878 Christum

271 1913 547 1955 imminentia
574 1918 846 1968 exspectant.
908 1912 1130 1954 Christum
1156 1913 1363 1954 timentes
1387 1913 1432 1953 in
1458 1912 1539 1953 deo
1565 1917 1610 1954 et
1634 1912 1765 1953 deum
1791 1913 1835 1953 in

271 1990 442 2031 Christo
485 1989 763 2031 subiciuntur
804 1989 939 2030 seruis
981 1988 1050 2030 dei
1094 1994 1138 2030 et
1180 1988 1353 2030 Christi.
1414 1988 1486 2029 Ita
1529 1988 1582 2029 de
1625 1993 1835 2030 contactu
1854 2002 1896 2036 ²5

272 2065 413 2120 deque
444 2065 597 2107 affiatu
624 2070 788 2115 nostrO,
820 2065 1192 2119 contemplatione
1221 2070 1265 2105 et
1294 2063 1696 2119 repraesentatione
1723 2063 1834 2119 ignis

270 2141 383 2182 illius
422 2141 609 2196 correpti
649 2141 783 2182 etiam
822 2141 875 2182 de
914 2140 1167 2196 corporibus
1205 2145 1355 2182 nostro
1393 2140 1575 2195 imperio
1615 2140 1834 2182 excedunt

268 2217 397 2258 inuiti
427 2223 471 2259 et
498 2217 696 2259 dolentes
724 2222 769 2258 et
796 2216 922 2258 uobis
950 2215 1254 2271 praesentibus
1282 2215 1598 2257 erubescentes.
1660 2215 1833 2258 Credite

268 2293 362 2342 11118,
400 2307 499 2334 011111
534 2308 687 2334 110111111
722 2293 775 2334 de
809 2307 854 2333 se
887 2292 1142 2347 loquuntur,
1180 2292 1254 2346 qui
1289 2292 1605 2333 mentientibus
1639 2292 1828 2334 creditis.

269 2368 408 2410 Nemo
444 2369 501 2410 ad
536 2383 663 2410 suum
700 2368 888 2409 dedecus
924 2368 1149 2417 mentitur,
1189 2368 1294 2423 quin
1330 2368 1478 2423 potius
1512 2367 1569 2408 ad
1605 2367 1826 2409 honorem.
1849 2387 1893 2419 30

269 2444 405 2499 Magis
432 2444 538 2485 fides
565 2444 767 2499 proxima
794 2449 860 2485 est
886 2443 1096 2485 aduersus
1123 2443 1380 2498 semetipsos
1407 2442 1667 2484 confitentes
1694 2458 1827 2497 quam

268 2534 344 2574 pro
386 2520 631 2574 semetipsis
673 2524 896 2574 negantes.
957 2519 1079 2568 Haec
1121 2519 1309 2573 denique
1351 2518 1604 2560 testimonia
1646 2518 1827 2560 deorum

266 2600 512 2635 uestrorum
538 2595 807 2636 Christianos
830 2595 971 2636 facere
995 2599 1283 2644 consuerunt,
1325 2609 1459 2649 quam
1483 2594 1720 2648 plurimum
1745 2595 1827 2636 illis

266 2669 481 2710 credendo
518 2670 563 2710 in
601 2669 772 2711 Christo
810 2669 988 2711 domino
1026 2669 1255 2710 credimus.
1316 2669 1407 2723 Ipsi
1443 2669 1691 2710 litterarum
1729 2684 1824 2711 nos-

266 2750 434 2786 trarum
458 2744 589 2786 fidem
614 2745 874 2795 accendunt,
900 2745 983 2800 ipsi
1007 2745 1098 2800 spei
1122 2749 1298 2786 nostrae
1321 2743 1550 2786 fidentiam
1575 2744 1823 2786 aedificant.
1845 2761 1887 2793 35

265 2821 416 2863 Colitis
452 2820 560 2871 illos,
602 2821 720 2875 quod
759 2821 907 2871 sciam,
949 2821 1082 2862 etiam
1121 2821 1175 2862 de
1213 2820 1423 2876 sanguine
1462 2820 1822 2862 Christianorum.
