1975 3306
266 163 348 204 236
840 163 1247 205 TERTVLLIANI
1506 165 1567 218 [p.
1592 164 1645 204 48
1667 162 1695 204 1.
1722 163 1832 203 10—-

255 278 510 334 foedissime
551 278 729 327 inducit,
772 279 1060 321 commendato
1104 278 1300 320 libidinis
1342 279 1553 321 desiderio
1602 294 1682 334 per
1722 293 1830 320 com-

266 349 609 391 memorationem
636 355 673 391 et
695 349 1055 391 enumerationem
1076 350 1330 392 amicarum.
1379 350 1547 391 Homer
1561 349 1647 390 and
1666 348 1831 391 Hesiod

267 419 419 461 Thdrt.
455 419 526 461 Gr.
562 420 646 461 Aff.
683 419 783 462 Cur.
824 431 877 460 111
911 417 989 476 ξ4.
1058 419 1220 462 Minue.
1257 421 1310 461 22
1345 419 1408 477 §1
1454 419 1533 461 lias
1571 419 1755 476 fabulas
1796 425 1834 461 et

267 505 431 531 errores
453 496 490 532 et
516 489 567 532 ab
596 490 811 546 imperitis
836 491 1092 545 parentibus
1121 491 1327 533 discimus
1356 497 1403 540 et,
1428 490 1539 546 quod
1561 496 1619 532 est
1638 492 1833 546 ymnius,

229 575 248 606 5
268 559 377 614 ipsis
416 560 573 602 studiis
615 566 651 602 et
693 561 939 616 disciplinis
980 560 1261 609 elaboramus,
1299 561 1564 603 carminibus
1600 560 1834 615 praecipue

263 635 503 685 poetarum,
531 630 606 685 qui
630 630 877 685 plurimum
910 636 1116 685 quantum
1145 630 1325 672 ueritati
1353 631 1440 685 ipsi
1470 645 1551 672 sua
1583 630 1835 671 auctoritate

269 713 456 741 nocuere.
517 697 583 756 §2
616 705 654 741 et
676 699 804 741 Plato
834 699 927 741 ideo
953 700 1184 754 praeclare
1213 699 1454 742 Homerum
1481 700 1609 741 illum
1638 699 1835 740 inclitum

272 768 496 810 laudatum
519 775 557 810 et
578 775 825 811 coronatum
847 770 898 811 de
919 770 1105 819 ciuitate,
1129 785 1259 825 quam
1288 770 1334 811 in
1363 785 1553 812 sermone
1580 769 1835 818 instituebat,

271 838 399 880 eiecit.
460 837 527 895 §3
569 839 637 881 hic
667 840 779 881 enim
814 841 1075 896 praecipuus
1107 840 1211 882 bello
1247 840 1396 882 Troico
1428 840 1526 882 deos
1557 845 1729 889 uestros,
1761 839 1838 881 etsi

208 930 251 953 10
273 909 395 951 ludos
426 909 556 965 facit,
592 916 733 952 tamen
766 910 812 951 in
848 910 1069 952 hominum
1102 910 1225 952 rebus
1259 917 1296 953 et
1333 910 1495 953 actibus
1531 911 1727 952 miscuit:
1770 909 1837 951 laic

272 995 416 1022 eorum
461 981 599 1035 paria
641 981 885 1037 composuit,
926 982 1144 1024 sauciauit
1201 981 1414 1031 Venerem,
1457 981 1645 1023 Martem
1686 981 1838 1030 uinetit,

273 1051 531 1099 uulnerauit,
551 1051 747 1107 fuyauit.
800 1050 867 1108 §4
900 1051 1049 1093 Iouem
1079 1058 1234 1093 narrat
1264 1068 1290 1093 a
1318 1051 1501 1094 Briareo
1526 1052 1764 1100 liberatum,
1787 1066 1839 1093 ne

273 1138 300 1164 a
322 1123 390 1164 dis
413 1123 559 1165 ceteris
581 1122 801 1178 liyaretur,
824 1129 862 1165 et
882 1123 1174 1178 Scupedonem
1195 1123 1360 1179 filium,
1382 1123 1584 1178 quoniam
1606 1123 1735 1164 morti
1757 1136 1838 1163 non

266 1198 440 1248 poterat
456 1194 632 1248 eripere,
646 1194 832 1235 cruentis
853 1193 1062 1234 imbribus
1072 1194 1250 1249 fleuisse
1271 1199 1309 1235 et
1332 1193 1421 1235 loro
1458 1193 1628 1235 Veneris
1649 1193 1839 1234 illectum

210 1279 252 1310 15
264 1264 544 1319 flagyrantius,
576 1279 703 1318 quam
740 1264 786 1305 in
823 1264 1045 1306 adulteras
1079 1264 1223 1315 soleat,
1256 1279 1350 1307 cum
1388 1264 1552 1306 Iunone
1585 1277 1713 1305 uatore
1746 1278 1839 1305 con-

273 1333 473 1376 cumbere.
537 1333 703 1374 Leland
735 1332 961 1376 Christian
994 1333 1253 1375 Revelation
1286 1333 1341 1375 Pt
1368 1345 1383 1374 1
1412 1348 1444 1376 o.
1470 1335 1506 1375 4.
1568 1332 1715 1389 Cyrill.
1742 1332 1839 1374 adu.

274 1404 355 1444 Iul.
380 1415 395 1444 Ι
419 1405 488 1457 (VI
512 1406 564 1445 41
595 1403 799 1455 Aubert).
863 1403 1089 1460 Theophil.
1114 1415 1129 1445 Ι
1153 1406 1188 1446 9.
1223 1415 1278 1445 ΙΙΙ
1302 1406 1338 1445 8.
1397 1403 1533 1446 Clem.
1557 1404 1679 1445 Alex.
1705 1403 1840 1444 Protr.

275 1486 309 1514 Π
332 1472 351 1531 ξ
373 1477 427 1515 32
451 1489 536 1530 seq.
560 1490 598 1530 p.
625 1474 677 1515 27
704 1474 746 1516 Ρ.
770 1489 856 1530 seq.
920 1474 1008 1517 Cio.
1031 1474 1085 1516 de
1113 1480 1200 1516 nat.
1225 1474 1352 1516 Deor.
1376 1486 1429 1515 ΙΙΙ
1452 1472 1471 1531 ξ
1495 1473 1546 1516 77
1571 1474 1619 1515 di
1635 1474 1800 1530 poetici.
1826 1485 1839 1514 Ι

274 1542 293 1600 ἓ
331 1546 381 1585 61
422 1559 461 1585 n.
500 1546 567 1585 42.
605 1546 660 1587 43
694 1559 733 1586 n.
808 1544 1067 1600 Marquardt
1105 1550 1174 1585 ΙΙΙ2
1212 1546 1267 1586 60
1303 1560 1343 1586 n.
1379 1547 1415 1586 2.
1451 1546 1502 1586 61
1535 1560 1575 1585 n.
1614 1546 1639 1585 3
1679 1543 1765 1585 and
1803 1546 1840 1585 4.

211 1632 256 1654 20
278 1613 494 1669 Athenag.
520 1615 571 1654 21
596 1628 636 1655 n.
663 1616 684 1653 1
712 1612 831 1655 Otto.
857 1614 911 1654 22
934 1628 996 1669 pr.
1046 1614 1157 1670 Aug.
1182 1613 1248 1655 De
1272 1613 1368 1656 Ciu.
1391 1613 1475 1655 Dei
1500 1625 1515 1654 Ι
1539 1615 1564 1655 3
1583 1628 1643 1670 pr.
1668 1619 1705 1655 et
1727 1613 1843 1655 nobis

274 1689 523 1733 suscensent,
545 1698 641 1726 cum
663 1683 715 1725 de
737 1684 806 1725 dis
827 1699 973 1726 eorum
1000 1685 1110 1726 talia
1132 1685 1327 1733 dicimus,
1349 1699 1422 1726 nec
1443 1691 1679 1727 suscensent
1701 1690 1842 1726 ‹tueto-

279 1753 393 1795 ribus
421 1755 522 1803 suis,
555 1769 657 1809 quos
692 1760 737 1795 ut
769 1754 1011 1804 ediscerent,
1043 1755 1277 1797 mercedem
1309 1755 1544 1805 dederunt;
1576 1755 1844 1810 doctoresque

275 1825 390 1880 ipsos
412 1825 589 1879 insuper
618 1831 655 1866 et
684 1825 849 1866 salario
877 1826 1047 1881 publico
1069 1832 1108 1868 et
1135 1826 1364 1868 honoribus
1385 1826 1661 1882 diynissimos
1690 1825 1842 1868 habue—

276 1901 387 1937 runt.
431 1910 543 1936 omn.
568 1895 735 1936 Lucian
759 1895 1083 1951 Necyomantia
1106 1898 1132 1938 3
1149 1897 1287 1951 (what
1311 1896 1547 1953 Menippus
1569 1897 1710 1938 learnt
1734 1896 1842 1937 from

212 1979 256 2011 25
278 1965 445 2007 Homer
466 1965 552 2006 and
577 1965 774 2018 Hesiod).

366 2050 404 2091 p.
428 2037 483 2075 48
507 2035 531 2076 l.
559 2037 610 2075 12
634 2035 832 2090 [lustin]
851 2035 1026 2078 Cohorb.
1050 2036 1104 2077 ad
1124 2037 1195 2078 Gr.
1216 2038 1240 2077 2
1265 2052 1303 2092 p.
1327 2038 1371 2078 3e
1389 2039 1434 2078 4²²
1455 2037 1526 2090 (ΙΙ.
1547 2049 1613 2078 XX
1638 2036 1841 2089 66-72).

279 2105 398 2146 Lact.
428 2105 529 2147 Diu.
560 2105 668 2147 Inst.
700 2117 716 2146 Ι
749 2108 775 2147 3
803 2104 823 2162 ξ
848 2105 911 2148 17.
976 2105 1063 2148 Cio.
1094 2106 1148 2147 de
1181 2113 1268 2148 nat.
1296 2106 1423 2148 Deor.
1447 2118 1482 2147 ΙΙ
1511 2105 1619 2163 §70
1681 2106 1842 2149 Arnob.

279 2175 376 2218 adu.
413 2176 541 2218 Genb.
581 2188 630 2216 IV
674 2178 728 2217 33
762 2176 785 2218 f.
822 2176 1061 2226 uulnerari,
1106 2177 1269 2226 uexari,
1312 2176 1423 2218 bella
1464 2177 1578 2219 inter
1617 2192 1660 2219 se
1698 2192 1845 2233 yerere

268 2246 516 2302 furialium
556 2252 852 2288 memorantur
895 2247 1053 2289 ardore
1093 2247 1407 2288 discriminum.
1473 2247 1680 2289 Prudent.
1726 2247 1843 2288 Peri-

216 2332 261 2364 30
281 2316 419 2372 steph.
451 2328 483 2357 X
512 2318 683 2357 211-3
713 2316 820 2371 quid
847 2316 960 2358 inter
987 2331 1091 2357 aras
1118 2316 1400 2358 dissidentum
1432 2317 1657 2358 numinum
1683 2315 1687 2372 Ι
1712 2323 1845 2372 putas

281 2385 524 2440 ayendum?
606 2385 768 2427 Martis
809 2385 1109 2440 indignabitur
1149 2386 1154 2440 Ι
1205 2386 1363 2440 offensa
1404 2386 1558 2435 uirtus,
1599 2386 1639 2427 si
1679 2387 1846 2428 colatur

283 2456 497 2498 Lemnius.
560 2455 685 2497 Plato
729 2456 833 2511 Rep.
873 2456 994 2497 378d
1039 2455 1294 2513 θεομαχίας.
1359 2455 1495 2498 Clem.
1539 2456 1606 2498 Al.
1642 2462 1772 2512 protr.
1810 2468 1844 2497 ΙΙ

283 2527 453 2569 36-37
489 2542 558 2583 pp.
592 2529 643 2568 31
680 2529 734 2569 32
766 2529 857 2580 (see
890 2533 996 2568 next
1029 2529 1163 2580 note).

371 2612 409 2652 p.
433 2599 488 2638 48
512 2597 535 2638 l.
562 2599 614 2638 13
638 2608 863 2638 VENEREM
893 2599 1111 2654 Athenag.
1143 2600 1195 2638 21
1227 2612 1266 2653 p.
1292 2599 1374 2639 21².
1438 2596 1540 2639 Luc.
1570 2597 1696 2653 Iupp.
1719 2597 1843 2653 Trag.

219 2682 263 2713 35
284 2667 351 2706 40.
405 2665 534 2706 Firm.
559 2665 663 2706 Mat.
690 2667 741 2706 12
771 2663 790 2721 ξ
814 2665 836 2706 7
865 2666 963 2721 fiat
992 2667 1104 2707 enim
1133 2672 1171 2708 et
1193 2666 1312 2721 apud
1340 2671 1510 2714 ueteres,
1534 2666 1628 2708 licet
1657 2666 1844 2707 nondum

285 2741 447 2777 terram
475 2735 764 2777 illuminasset
797 2735 964 2776 domini
994 2736 1131 2777 nostri
1163 2735 1329 2777 Christi
1359 2735 1606 2777 ueneranda
1639 2735 1846 2789 digynatio,

285 2804 332 2844 in
372 2805 621 2858 spernendis
661 2805 1033 2860 superstitionibus
1073 2806 1277 2861 reliyiosa
1320 2806 1569 2847 constantia.
1631 2803 1698 2861 §8
1742 2805 1846 2846 Dio-

287 2875 426 2917 medes
470 2875 657 2930 pudicus
699 2882 736 2918 et
783 2875 949 2917 sobrius
1006 2875 1207 2918 Venerem
1258 2876 1467 2918 uulnerat.
1543 2874 1679 2917 Clem.
1724 2875 1847 2917 Alex,
