1975 3306
256 104 338 145 384
827 102 1233 144 TERTVLLIANI
1464 104 1522 158 [p.
1552 102 1679 144 1101.
1706 104 1819 143 14—

258 220 403 262 docent
437 225 473 261 et
501 220 744 274 instiyant?
784 225 863 261 cet..
924 217 944 275 ξ
973 221 1028 261 33
1065 219 1245 261 uitanda
1275 234 1372 273 erqo
1403 219 1643 275 spectacula
1674 218 1816 260 onznia

260 305 339 331 non
372 290 507 331 solum
546 304 593 330 ne
634 289 738 344 quid
775 289 983 331 uitiorum
1013 289 1253 344 pectoribus
1287 289 1485 338 insideat,
1520 303 1627 345 quae
1667 288 1819 337 sedata-

259 366 297 402 et
322 359 510 415 pacifica
539 374 624 401 esse
657 359 812 408 debent,
839 359 911 401 sed
943 374 994 401 ne
1030 360 1151 401 cuius
1183 375 1258 402 nos
1295 359 1532 414 uoluptatis
1567 357 1822 401 consuetudo

258 429 444 471 deleniat
465 434 502 470 et
523 444 551 469 a
573 429 648 470 deo
671 435 794 484 atque
815 444 843 470 a
865 429 983 470 bonis
1005 428 1199 484 operibus
1221 435 1399 470 auertat.
1463 428 1526 471 Cf.
1551 427 1666 484 Epit.
1691 430 1757 469 63.

219 514 238 545 5
350 498 420 540 On
442 499 517 540 the
541 499 655 540 word
680 499 974 540 renuntiamus
1001 514 1071 540 see
1099 500 1188 541 also
1211 499 1349 540 Blunt
1377 498 1455 541 Ch.
1486 498 1604 540 First
1637 501 1663 541 3
1693 498 1818 541 Cent.

260 584 298 625 p.
324 570 378 610 39
396 583 435 609 n.
454 571 488 610 1.
514 570 651 611 10411.
678 572 712 610 1.
739 571 921 611 105—6.
945 584 1059 624 supr.
1085 571 1163 625 6p.
1183 585 1237 611 m.
1261 584 1300 625 p.
1325 571 1380 610 24
1403 569 1427 610 l.
1453 572 1488 610 1.
1547 569 1613 610 De
1641 568 1818 609 Exhort.

262 638 494 681 Castu-atis
522 640 577 679 10
599 654 659 694 pr.
684 639 1172 695 carnalibusfructibus.
1235 639 1364 695 Cypr.
1390 654 1428 695 p.
1463 641 1547 681 426
1572 641 1609 680 8.
1633 640 1729 680 652.
1755 641 1820 679 11.

260 708 374 764 Aug.
405 708 532 764 Bapt.
554 723 587 749 c.
611 708 767 750 Donat.
797 719 827 748 V
856 710 911 750 28
938 706 958 765 ξ
985 710 1050 750 39.
1114 707 1277 764 Symm.
1304 708 1383 749 Pro
1407 708 1535 749 Pa'nre
1559 710 1583 749 6
1605 707 1676 749 fin.
1700 710 1725 748 8
1748 708 1819 748 fin.

262 778 346 832 (ed.
371 777 509 820 Seeck
530 793 599 834 pp.
624 779 827 832 333-4).
890 778 1071 820 Salui-an
1096 778 1161 819 De
1185 778 1424 819 Gubernat.
1448 777 1531 819 Dei
1554 788 1607 818 ΙΙΙ
1630 775 1649 833 ἓ
1672 779 1724 818 15
1743 782 1824 819 ter.

202 864 244 886 10
265 848 439 890 chseh
472 850 568 890 380.
635 847 820 900 Quintil.
854 860 885 889 x
919 848 941 889 7
971 847 990 904 ξ
1019 850 1040 888 1
1066 863 1105 888 n.
1128 847 1328 889 ciuilibus
1360 848 1517 903 officiis.
1580 847 1678 889 Sen.
1712 847 1820 888 Plin.

265 918 387 960 Suet.
449 918 605 960 Iustin.
629 918 753 974 Apol.
776 930 791 959 I
815 920 869 960 49
898 918 918 975 ᾗ
939 921 963 959 5
987 933 1025 974 p.
1050 917 1127 959 85¹³
1149 921 1241 964 τοῖς
1265 917 1464 963 εἰδώλοις
1487 917 1785 971 ἀντετάξαντο.

351 1004 390 1045 p.
410 989 533 1030 1101.
554 991 606 1030 15
622 999 981 1030 SVPERSTITIONE
999 988 1066 1030 De
1081 988 1225 1044 Spect.
1245 991 1398 1030 5—11.
1444 988 1562 1030 Lacu.
1578 988 1678 1030 Diu.
1693 988 1824 1030 Instn.

264 1072 313 1101 VI
339 1062 393 1101 20
415 1058 434 1116 ξ
456 1062 511 1101 34
533 1075 633 1101 nam
657 1059 860 1101 ludorum
888 1058 1183 1101 celebrationes
1212 1059 1388 1100 deorum
1409 1058 1531 1115 festa
1561 1065 1669 1108 sunt,
1691 1058 1822 1113 siqui-

265 1131 359 1173 dem
383 1130 429 1172 ob
457 1131 624 1172 natales
652 1145 797 1172 eorum
828 1130 892 1172 uel
913 1129 1168 1184 templorum
1189 1145 1399 1171 nouorum
1420 1129 1706 1172 dedicationes
1726 1135 1826 1171 sunt

203 1212 244 1243 15
266 1201 491 1243 constituti.
552 1198 571 1256 ξ
602 1202 656 1242 35
689 1206 726 1242 et
750 1200 961 1256 primitus
992 1199 1162 1255 quidem
1198 1200 1448 1250 uenationes,
1478 1215 1584 1255 quae
1617 1205 1824 1242 uocantur

270 1285 456 1320 munera,
492 1270 681 1311 Saturno
723 1270 953 1312 attributae
993 1275 1100 1319 sunt,
1144 1269 1238 1311 ludi
1279 1275 1420 1311 autem
1461 1269 1615 1312 scenici
1660 1269 1823 1317 Libero,

267 1341 468 1383 circenses
485 1355 586 1382 uero
601 1339 812 1396 Neptuno.
859 1339 1093 1395 paullatim
1114 1345 1253 1381 tamen
1269 1345 1307 1381 et
1321 1339 1468 1381 ceteris
1484 1339 1553 1381 dis
1568 1339 1682 1381 idem
1697 1339 1825 1380 honos

267 1410 398 1452 tribui
428 1409 572 1465 coepit,
600 1409 842 1465 sinyulique
873 1408 969 1450 ludi
1000 1408 1247 1450 numinibus
1280 1423 1426 1450 eorum
1454 1407 1687 1450 consecrati
1716 1413 1826 1456 sunt,

267 1481 375 1523 sicut
411 1481 630 1522 Sisinnius
668 1480 821 1536 Capito
855 1480 902 1521 in
936 1480 1059 1521 libris
1091 1480 1430 1535 spectaculorum
1461 1479 1588 1521 docet.
1649 1476 1669 1535 ξ
1701 1480 1755 1520 36
1788 1478 1826 1519 si

202 1567 247 1589 20
269 1553 363 1609 quis
403 1552 539 1607 iyitur
579 1551 831 1607 spectaculis
861 1551 1043 1600 interest,
1076 1549 1134 1591 ad
1165 1565 1271 1605 quae
1302 1549 1525 1604 reliyionis
1553 1549 1701 1604 qratia
1733 1563 1828 1590 con-

269 1624 450 1673 uenitur,
485 1622 676 1664 discessit
709 1638 736 1664 a
773 1621 856 1663 Dei
887 1622 1003 1663 cultu
1041 1626 1079 1662 et
1111 1621 1168 1662 ad
1210 1621 1307 1662 deos
1346 1609 1389 1662 se
1431 1620 1615 1670 contulit,
1647 1635 1827 1675 quorum

267 1693 434 1735 natales
475 1698 513 1735 et
543 1692 663 1748 festa
695 1691 935 1734 celebrauit.
1000 1690 1115 1747 Epic.
1160 1692 1226 1732 63.
1289 1689 1459 1746 [Cypr]
1501 1689 1568 1731 De
1612 1689 1756 1745 Specb.
1800 1691 1830 1730 4-

268 1764 372 1820 quid
402 1764 620 1819 scriptura
649 1763 905 1805 interdixit?
958 1761 1180 1817 prohibuit
1211 1760 1324 1802 enim
1354 1761 1539 1816 spectari
1580 1759 1689 1815 quod
1724 1774 1829 1814 pro-

269 1834 378 1877 hibet
396 1835 503 1889 yeri.
554 1834 710 1882 omnia,
731 1834 919 1889 inquam,
941 1832 1027 1874 ista
1048 1831 1388 1887 spectaculorum
1407 1846 1565 1886 yenera
1589 1830 1826 1877 damnauit,

206 1921 249 1952 25
272 1906 442 1961 quando
482 1905 781 1947 idololatriam
821 1903 993 1945 sustulit
1035 1902 1238 1943 ludorum
1269 1901 1460 1943 omnium
1490 1907 1684 1945 matrem.
1717 1899 1828 1940 unde

271 1973 372 2015 haec
402 1972 613 2014 uanitatis
635 1977 671 2014 et
693 1970 883 2013 leuitatis
911 1975 1103 2011 monstra
1124 1974 1339 2010 uenerunt.
1401 1967 1512 2023 quod
1534 1967 1646 2009 enim
1666 1972 1827 2022 specta-

271 2042 415 2084 culum
445 2042 534 2083 sine
565 2040 691 2089 idolo,
717 2040 812 2096 quis
844 2040 971 2081 ludus
1000 2039 1091 2080 sine
1121 2038 1345 2092 sacrificio,
1368 2037 1479 2093 quod
1505 2043 1714 2079 certamen
1744 2051 1826 2077 non

271 2118 557 2156 consecratum
592 2112 785 2153 mortuo?
846 2109 1065 2166 Bingham
1099 2120 1182 2149 XVI
1217 2110 1257 2157 4,
1291 2109 1316 2150 9
1350 2123 1390 2149 n.
1425 2109 1492 2149 43.

363 2193 624 2224 CONCEPTAS
655 2197 687 2223 ο.
722 2183 776 2222 25
808 2186 907 2236 post,
939 2179 1049 2221 med.
1079 2194 1118 2235 p.
1149 2181 1204 2220 88
1237 2179 1261 2220 l.
1295 2180 1351 2220 34
1380 2193 1480 2219 nam
1513 2177 1589 2219 etsi
1620 2192 1648 2218 a
1679 2176 1827 2218 Numa

210 2274 254 2306 30
274 2259 471 2308 concepta
491 2258 550 2294 est
571 2251 798 2294 curiositas
818 2249 1124 2305 superstitiosa.

362 2337 401 2378 p.
427 2324 510 2363 110
533 2322 557 2362 1.
583 2323 635 2363 16
659 2330 1022 2361 PRAETERSVMVS
1045 2318 1119 2359 ἅπ.
1144 2317 1218 2371 εἰρ.

363 2407 401 2448 p.
427 2394 510 2433 110
538 2391 563 2433 l.
589 2391 639 2432 17
665 2400 858 2431 INSANIA
880 2388 947 2430 De
976 2387 1170 2444 Spectac.
1195 2389 1260 2428 14.
1286 2389 1338 2429 16
1369 2401 1429 2443 pr.
1452 2401 1546 2428 cum
1576 2400 1674 2441 eryo
1694 2385 1832 2442 furor

275 2461 549 2503 interdicitur
569 2460 697 2509 nobis,
720 2459 772 2501 ab
800 2458 918 2500 omni
942 2457 1177 2513 spectaculo
1209 2456 1465 2512 auferimur,
1487 2455 1618 2497 etiam
1650 2470 1677 2496 a
1708 2455 1833 2503 circo,

281 2532 350 2574 ubi
376 2531 555 2587 proprie
579 2530 717 2586 furor
744 2529 974 2585 praesidet.
1035 2528 1209 2584 adspice
1240 2527 1452 2583 populum
1488 2527 1546 2568 ad
1581 2525 1628 2567 id
1669 2531 1830 2580 specta-

215 2620 259 2653 35
280 2602 422 2644 culum
443 2602 535 2642 iam
556 2615 651 2642 cum
671 2599 828 2656 furore
855 2598 1275 2641 uenientem...unius
1297 2597 1530 2639 dementiae
1551 2611 1638 2637 una
1662 2611 1741 2637 uooe
1761 2601 1830 2637 est.

281 2687 473 2726 coynosce
494 2670 749 2713 dementiam
772 2669 821 2711 de
843 2670 1044 2711 uanitate.
1107 2668 1219 2709 Adu.
1244 2668 1371 2709 Marc.
1397 2679 1410 2707 1
1436 2666 1487 2707 27
1512 2681 1550 2722 p.
1569 2668 1652 2707 329
1672 2666 1697 2707 l.
1714 2669 1739 2706 4·
1755 2666 1833 2707 ΚΓ.

280 2742 384 2798 quid
417 2756 499 2783 non
519 2741 776 2796 frequentas
809 2746 898 2782 tam
935 2740 1157 2781 sollemnes
1186 2738 1421 2794 uoluptates
1449 2737 1554 2778 circi
1571 2737 1764 2791 furentis
1795 2742 1832 2778 et

281 2827 434 2855 caueae
465 2811 693 2853 saeuientis
718 2816 757 2852 et
777 2825 955 2852 scaenae
985 2809 1281 2851 lasciuientis?
1343 2807 1470 2848 Prud.
1495 2804 1832 2862 Hamarbigenia
