1975 3306
278 142 363 183 328
848 141 1257 183 TERTVLLIANI
1544 143 1605 199 [p.
1633 144 1687 182 86
1708 140 1736 182 l.
1761 142 1843 182 3—

280 254 490 311 διάφορός
522 255 647 297 ἐστιν
679 256 704 304 ἡ
740 255 848 309 δόξα
885 255 958 297 καὶ
991 256 1016 309 ἡ
1052 254 1267 312 θρησκεία
1299 255 1374 297 καὶ
1408 253 1457 297 οὐ
1488 254 1544 297 τὰ
1576 253 1686 297 αὐτὰ
1719 253 1843 311 παρὰ

279 328 370 370 τοῖς
403 325 550 372 αὐτοῖς
582 325 847 382 εὑρίσκεται.
911 326 960 368 ef.
984 326 1081 367 qu.
1106 328 1171 367 15.
1195 327 1368 368 36-38
1391 340 1430 367 n.

366 411 406 452 p.
437 397 491 437 86
526 396 549 438 l.
582 397 607 437 3
641 406 843 436 ASTARTE
872 395 927 436 ad
955 402 1043 437 nat.
1074 407 1108 436 II
1136 398 1161 436 8
1191 410 1230 452 p.
1260 397 1344 437 108
1372 395 1394 436 l.
1422 397 1475 436 12
1506 395 1632 437 117185.
1659 401 1704 437 at
1731 394 1842 436 enim

279 481 372 508 cum
395 466 467 508 illi
488 481 658 522 quoque,
681 481 783 522 quos
811 471 921 508 totus
949 465 1061 508 orbis
1087 466 1364 508 communiter
1392 466 1499 515 colit,
1522 465 1719 507 excidant
1741 479 1844 520 pro-

239 548 258 580 5
279 537 441 580 bationi
469 552 596 579 uerae
625 537 882 587 diuinitatis,
913 543 1069 593 quanto
1098 537 1240 593 magiis
1265 537 1340 579 isti
1362 552 1463 593 quos
1483 552 1534 579 ne
1561 537 1648 592 ipsi
1675 537 1845 592 quidem

279 609 514 664 municipes
535 610 603 650 sui
625 614 780 651 norunt
803 609 820 650 ,ἲ
870 624 971 650 nam
995 623 1103 664 quae
1122 608 1276 650 idonea
1293 608 1528 650 auctoritas
1543 608 1847 663 praecucurrit

280 678 488 720 eiusmodi
509 678 742 734 tlzeologyiae
763 693 891 733 quam
913 678 1043 720 etiam
1055 677 1189 734 fama
1211 678 1433 720 destituit?
1485 678 1635 733 quanti
1654 683 1751 719 sunt
1773 676 1847 732 qui

279 750 424 791 norint
444 749 543 791 uisu
565 749 633 790 uel
662 749 817 790 auditu
845 749 1098 804 Ataryatim
1121 747 1343 804 Syrorum,
1367 748 1598 790 Caelestem
1620 747 1846 804 Afrorum,

287 818 570 861 Varsutinam
604 818 877 868 Maurorum,
913 817 1085 860 Obodan
1118 824 1156 860 et
1187 818 1403 860 Dusarem
1434 817 1633 860 Arabum
1669 816 1845 872 [Euseb.

219 907 261 930 10
282 889 430 946 Praep.
456 889 534 930 Eu.
558 901 573 930 I
598 891 620 930 7
639 890 696 942 (ἲ)
727 889 892 945 [surely
921 903 976 929 an
1005 904 1121 929 error
1148 889 1211 930 for
1242 888 1287 929 in
1314 887 1463 931 Const.
1495 890 1549 930 13
1577 903 1623 928 or
1653 886 1845 943 Theoph.

281 973 315 1003 II
351 963 415 1003 12.
480 960 635 1015 A.S.]]‚
668 960 873 1001 Belenum
905 959 1127 1007 Noricum,
1160 959 1227 1000 uel
1260 974 1361 1014 quos
1399 959 1539 1000 Varro
1566 959 1701 1014 ponit,
1726 957 1846 999 Casi-

279 1032 491 1074 niensium
533 1030 845 1079 Deluentinum‚
888 1028 1202 1071 Narniensium
1247 1028 1533 1078 Visidianum‚
1570 1027 1846 1070 Atinensium

281 1101 599 1150 Numiternum‚
631 1099 953 1142 Asculanorum
996 1099 1281 1149 Ancharium,
1313 1098 1385 1153 †et
1423 1114 1552 1154 quam
1580 1098 1848 1154 praeuerint‚

290 1172 625 1214 Vulsiniensium
658 1170 877 1219 Nortiam‚
908 1185 1089 1225 quorum
1120 1184 1171 1210 ‘ne
1201 1170 1423 1211 nominum
1455 1169 1623 1224 quidem
1656 1168 1849 1223 dissnitas

170 1286 176 1291 ,
220 1255 261 1287 15
283 1241 483 1284 humanis
505 1240 820 1297 coqnominibus
842 1240 974 1281 distat
993 1240 1009 1281 ?
1069 1240 1176 1281 satis
1198 1239 1317 1281 rideo
1340 1240 1470 1281 etiam
1487 1239 1584 1281 deos
1605 1238 1849 1281 decuriones

284 1313 482 1368 cuiusque
503 1312 742 1367 municipii,
765 1311 914 1367 quibus
940 1311 1072 1353 honor
1092 1311 1212 1352 intra
1240 1326 1385 1352 micros
1406 1326 1504 1352 suos
1526 1310 1846 1352 determinatur.

284 1381 371 1425 Cic.
395 1382 467 1423 De'
485 1381 589 1423 Nat.
614 1381 739 1422 Deor.
764 1392 818 1422 III
840 1379 859 1438 ξ
882 1382 935 1422 59
961 1381 1122 1437 Mayor.
1186 1379 1346 1421 Minue.
1371 1381 1395 1421 6
1428 1378 1447 1436 ξ
1472 1383 1489 1420 1
1526 1379 1625 1421 inde
1647 1378 1750 1421 adeo
1768 1394 1849 1434 per

284 1452 489 1495 uniuersa
510 1451 697 1508 imperia
721 1452 976 1507 prouincias
1003 1450 1166 1506 oppida
1186 1450 1383 1492 uidemus
1404 1450 1596 1505 singulos
1623 1464 1849 1491 sacrorum

284 1523 396 1564 ritus
414 1522 592 1578 yentiles
614 1521 764 1564 habere
785 1528 824 1564 et
845 1521 942 1563 deos
963 1521 1097 1563 colere
1121 1521 1369 1576 municipes,
1391 1526 1438 1562 ut
1459 1520 1705 1562 Eleusinios
1727 1519 1848 1561 Cere-

221 1611 266 1634 20
285 1608 387 1643 rem,
428 1592 633 1648 Phryyas
679 1591 878 1641 Matrem,
927 1591 1200 1647 Epidaurios
1247 1591 1569 1646 Aesculapium,
1616 1589 1850 1632 Chaldaeos

285 1663 452 1713 Belum,
493 1664 697 1705 Astarten
741 1663 887 1718 Syros,
921 1662 1115 1704 Dianam
1159 1661 1336 1711 Tauros,
1380 1660 1529 1703 Gallos
1570 1659 1849 1708 Mercurium,

287 1735 559 1779 <numina>
580 1735 785 1776 uniuersa
809 1734 1036 1776 Romanos.
1090 1733 1243 1775 Winer
1264 1732 1592 1775 Bibelworterb.
1616 1731 1826 1773 ‘Aschera
1841 1730 1849 1744 '

286 1808 372 1849 and
404 1806 625 1849 ‘Astarte'
687 1806 811 1847 Merx
843 1805 888 1846 in
918 1804 1136 1846 Schenkel
1169 1803 1402 1846 ‘Aschera.'
1465 1803 1774 1845 Schlottniann
1803 1801 1848 1842 in

288 1876 447 1918 Riehm
470 1878 606 1930 (cuts)
628 1890 699 1917 s.v.
722 1875 913 1917 Astarte.
976 1874 1137 1916 Arnob.
1162 1886 1209 1915 IV
1232 1876 1259 1915 4
1275 1874 1516 1929 peculiares
1537 1873 1643 1915 deos.

223 1965 268 1998 25
376 1963 416 2004 p.
449 1949 504 1989 86
538 1947 562 1988 l.
595 1949 621 1988 4
659 1948 867 1988 BELEst
904 1946 958 1988 ad
991 1954 1079 1988 nat.
1112 1957 1147 1986 II
1180 1948 1205 1986 8
1244 1944 1426 2002 (quoted
1458 1944 1624 1998 above).
1687 1943 1848 1984 Auson.

288 2018 356 2060 bis
378 2017 684 2072 (commemor.
702 2017 929 2058 Professor.
952 2016 1252 2073 Burdigalens.
1276 2027 1325 2056 IV
1349 2017 1384 2057 9.
1410 2026 1441 2055 Χ
1465 2014 1659 2067 24(16)).
1722 2012 1849 2069 Greg.

290 2088 525 2129 Turonens.
564 2087 677 2129 Glor.
713 2086 835 2129 Conf.
874 2087 910 2128 7.
973 2087 1054 2129 Iul.
1088 2085 1322 2143 Capitolin.
1354 2085 1399 2126 in
1432 2083 1656 2126 Maximin.
1691 2086 1744 2124 22
1776 2081 1796 2140 ξ
1827 2085 1846 2123 1

290 2159 496 2214 (Apollo).
560 2157 907 2199 Preller-Jordan
941 2157 1064 2199 Rom.
1099 2157 1238 2213 Myth.
1272 2160 1302 2197 13
1334 2158 1429 2197 312.
1465 2155 1549 2197 270
1581 2154 1671 2208 (old
1710 2153 1850 2196 Celtic

290 2228 476 2285 sun-god
509 2228 626 2277 Beal,
660 2227 829 2269 Grimtn
852 2227 1075 2268 Deutsehe
1109 2226 1248 2282 Myth.
1280 2225 1362 2267 579
1385 2226 1505 2281 sqq).
1561 2225 1692 2265 Inscr.
1717 2223 1850 2265 found

226 2315 272 2347 30
291 2304 337 2340 at
371 2297 588 2353 Aquileia,
625 2297 799 2347 Venice,
841 2297 989 2346 Tibur,
1027 2296 1208 2345 Vienne‚
1250 2295 1325 2337 the
1360 2294 1518 2351 village
1560 2294 1686 2336 Belin
1729 2295 1852 2348 (near

292 2368 480 2421 Auum),
517 2367 593 2409 the
631 2366 793 2408 islands
829 2366 971 2408 Grado
1008 2366 1093 2407 and
1126 2365 1293 2422 Corgle.
1358 2364 1581 2406 Herodian
1627 2376 1710 2405 VIII
1754 2366 1791 2405 3.
1825 2366 1850 2403 8

295 2438 683 2494 [Pauly-Wissowa
714 2453 784 2479 s.V.
818 2438 948 2492 ANJS]
1006 2436 1357 2493 Belis=Apollo‚
1388 2435 1628 2492 prophetie.
1691 2434 1792 2477 CIL
1822 2445 1851 2474 V

292 2507 379 2549 ind.
402 2523 440 2564 p.
466 2507 590 2549 1178.

382 2589 625 2619 CAELES'I‘IS
656 2578 836 2627 De-Vit‚
870 2577 1094 2619 Onomast.
1128 2577 1231 2631 [and
1263 2592 1357 2618 now
1390 2576 1514 2618 Thes.
1558 2575 1677 2631 A.S.]
1708 2575 1850 2617 Tanit.

229 2660 273 2693 35
295 2645 394 2689 CIL
417 2659 517 2690 VIII.
540 2648 625 2690 ind.
648 2663 688 2704 p.
713 2650 836 2690 1082.
885 2647 1009 2704 Corp.
1033 2647 1164 2689 Inser.
1188 2646 1341 2688 Semit.
1365 2657 1380 2687 Ι
1403 2661 1435 2687 c.
1460 2648 1525 2688 13.
1575 2645 1667 2686 Her
1689 2645 1851 2701 temple

294 2716 522 2774 destroyed
556 2724 602 2759 at
631 2717 853 2774 Carthage
885 2729 970 2758 A.D.
994 2719 1075 2758 421
1111 2716 1169 2772 by
1191 2716 1315 2757 order
1335 2715 1383 2757 of
1408 2715 1484 2757 the
1513 2729 1710 2771 emperor
1739 2714 1850 2756 Con—

295 2786 496 2836 stantius,
537 2787 754 2844 [Prosper]
792 2787 923 2828 Liber
955 2785 1294 2828 Promissionum
1327 2790 1372 2826 et
1405 2784 1729 2826 Praedictorum
1768 2783 1851 2825 Dei

296 2867 349 2897 ΙΙΙ
374 2859 428 2898 38
449 2856 469 2912 ξ
491 2859 515 2898 5
538 2857 634 2911 (the
656 2857 815 2898 author
836 2871 921 2898 was
943 2857 1149 2912 present).
1212 2854 1409 2897 Obscene
1438 2854 1554 2903 rites,
1586 2868 1700 2910 supr.
1733 2868 1766 2895 c.
1797 2855 1850 2896 23
