1975 3306
251 179 305 217 60
830 173 1236 216 TERTVLLIANI

252 293 380 347 phus,
405 291 710 347 prouidentiae
731 291 908 340 uindex,
933 290 987 331 de
1009 290 1254 331 sententiae
1276 289 1583 331 communione
1605 288 1815 343 suspexit.

252 373 519 414 Adfirmauit
540 372 646 412 haec
667 371 793 412 uobis
815 371 948 412 etiam
970 370 1209 412 Aristaeus.
1271 354 1342 411 Ita
1363 370 1408 411 in
1430 369 1645 411 Graecum
1666 369 1816 410 stilum

253 457 463 506 exaperta
478 456 766 492 monumenta
780 449 970 504 reliquit.
1031 449 1176 490 Hodie
1191 450 1310 504 apud
1325 449 1563 505 Serapeum
1578 448 1818 490 Ptolemaei

253 533 546 574 bibliothecae
582 546 681 573 cum
717 532 822 586 ipsis
858 531 1087 572 Hebraicis
1122 530 1280 572 litteris
1317 530 1592 572 exhibentur.
1654 529 1738 571 sed
1775 535 1819 571 et

254 613 407 654 Iudaei
458 613 604 668 palam
654 613 872 654 lectitant.
934 611 1169 667 Vectigalis
1219 611 1421 661 libertas;
1489 611 1620 667 uulgo
1671 611 1857 656 aditur5

254 692 453 733 sabbatis
489 691 706 733 omnibus.
770 691 853 741 Qui
890 691 1091 739 audierit,
1130 691 1326 732 inueniet
1362 690 1516 741 deum;
1572 691 1646 745 qui
1685 691 1818 731 etiam

254 773 475 814 studuerit
504 772 765 828 intellegere,
799 778 979 828 cogetur
1009 778 1053 814 et
1084 772 1269 814 credere.

341 905 414 947 19.
474 905 669 946 Primam
699 905 1004 947 instrumentis
1034 905 1129 947 istis
1159 906 1473 947 auctoritatem
1503 920 1676 947 summa
1707 905 1818 946 anti-

256 987 403 1041 quitas
430 986 640 1028 uindicat.
703 986 834 1041 Apud
862 1001 940 1028 uos
968 1001 1144 1042 quoque
1170 987 1387 1042 religionis
1415 992 1481 1028 est
1506 987 1658 1036 instar,
1687 987 1820 1028 fidem

255 1067 310 1108 de
340 1067 613 1122 temporibus
643 1067 854 1109 adserere.
916 1068 1261 1121 [Auctoritatem
1291 1068 1448 1109 litteris
1479 1073 1677 1123 praestat
1707 1068 1818 1109 anti·
1842 1086 1886 1109 πο

256 1149 404 1204 quitas
442 1164 627 1191 summa.
690 1150 862 1191 Primus
901 1151 1016 1191 enim
1054 1151 1289 1206 prophetes
1327 1150 1512 1205 Moyses,
1553 1151 1628 1206 qui
1667 1150 1820 1192 mundi

256 1230 554 1271 conditionem
583 1235 627 1271 et
652 1230 820 1286 generis
847 1230 1028 1272 humani
1056 1231 1391 1286 pullulationem
1419 1237 1464 1273 et
1490 1246 1594 1273 mox
1620 1231 1820 1272 ultricem

255 1312 505 1367 iniquitatis
529 1312 643 1352 illius
668 1312 765 1352 aeui
792 1312 882 1352 uim
909 1312 1165 1367 cataclysmi
1191 1312 1246 1353 de
1270 1313 1508 1367 praeterito
1535 1326 1713 1353 exorsus
1740 1316 1818 1361 est,

258 1408 334 1447 per
358 1393 721 1434 uaticinationem
748 1407 885 1447 usque
909 1393 966 1434 ad
990 1408 1116 1434 suam
1140 1398 1335 1435 aetatem
1360 1399 1404 1435 et
1427 1393 1631 1448 deinceps
1655 1407 1731 1448 per
1755 1407 1821 1433 res

256 1489 359 1515 suas
382 1474 632 1516 futurorum
654 1474 866 1529 imagines
890 1474 1039 1525 edidit,
1065 1489 1198 1529 penes
1221 1489 1351 1530 quem
1374 1480 1420 1516 et
1441 1480 1692 1530 temporum
1715 1473 1821 1515 ordo
1843 1492 1884 1523 15

258 1555 452 1611 digestus
485 1556 540 1597 ab
574 1555 699 1596 initio
733 1556 1096 1610 supputationem
1129 1556 1289 1597 saeculi
1322 1557 1556 1611 praestitit.
1618 1556 1822 1611 Superior

257 1637 482 1678 inuenitur
506 1637 631 1678 annis
656 1637 826 1678 circiter
850 1638 1057 1679 trecentis
1082 1652 1216 1692 quani
1240 1637 1310 1678 ille
1334 1637 1666 1692 antiquissimus
1690 1650 1821 1692 penes

259 1732 338 1759 uos
362 1718 544 1759 Danaus
567 1718 612 1759 in
636 1718 774 1773 Argos
798 1718 1128 1769 transuenisset,
1156 1718 1342 1760 Troiano
1367 1718 1555 1773 denique
1578 1718 1740 1773 proelio
1765 1717 1821 1758 ad

261 1799 376 1840 mille
405 1814 543 1840 annos
574 1805 677 1841 ante
707 1805 784 1850 est,
817 1799 933 1841 unde
964 1804 1008 1840 et
1035 1799 1130 1854 ipso
1160 1799 1364 1841 Saturno.
1426 1799 1676 1841 Secundum
1706 1799 1821 1840 enim

260 1880 487 1922 historiam
514 1881 666 1931 Thalli,
695 1896 782 1936 qua
808 1881 995 1922 relatum
1022 1885 1088 1922 est
1112 1880 1274 1921 bellum
1299 1880 1577 1936 Assyriorum
1603 1886 1647 1922 et
1671 1880 1820 1922 Satur·
1842 1897 1887 1919 20

259 1976 366 2002 num
394 1962 652 2004 Titanorum
679 1976 824 2017 regem
852 1975 952 2002 cum
979 1961 1085 2002 Ioue
1113 1961 1355 2011 dimicasse,
1385 1961 1633 2003 ostenditur
1658 1961 1821 2002 bellum

260 2055 394 2082 cccxx
421 2047 465 2083 et
489 2041 662 2083 duobus
687 2042 813 2083 annis
837 2041 1022 2082 Iliacum
1049 2041 1216 2082 exitum
1242 2042 1537 2083 antecessisse.
1599 2042 1681 2082 Per
1706 2041 1821 2082 hunc

260 2121 441 2177 Moysen
462 2123 595 2164 etiam
613 2123 686 2164 illa
704 2123 774 2164 lex
793 2123 969 2178 propria
988 2122 1163 2163 Iudaeis
1183 2138 1207 2163 a
1226 2122 1307 2164 deo
1327 2123 1458 2164 missa
1477 2128 1555 2164 est.
1605 2123 1821 2177 Deinceps

261 2203 400 2244 multa
424 2209 468 2245 et
488 2204 561 2245 alii
583 2204 825 2259 prophetae
846 2203 1110 2245 uetustiores
1130 2203 1289 2244 litteris
1310 2204 1479 2245 uestris.
1542 2203 1657 2244 Nam
1680 2209 1724 2245 et
1746 2205 1820 2258 qui

261 2285 416 2326 ultimo
441 2285 610 2335 cecinit,
637 2290 716 2326 aut
739 2285 1013 2339 aliquantulo
1038 2284 1337 2339 praecucurrit
1359 2290 1439 2326 aut
1462 2290 1577 2326 certe
1602 2285 1821 2326 concurrit
1841 2301 1883 2333 25

261 2370 409 2406 aetate
435 2366 676 2420 sapientiae
702 2365 968 2414 auctoribus,
999 2365 1133 2406 etiam
1159 2364 1374 2406 latoribus
1399 2365 1516 2420 legis.
1578 2365 1677 2419 Cyri
1705 2365 1819 2406 enim

262 2449 307 2485 et
322 2444 444 2484 Darii
460 2459 591 2499 regno
608 2445 693 2486 fuit
709 2444 954 2494 Zacharias,
974 2459 1060 2499 quo
1076 2444 1121 2485 in
1138 2449 1336 2498 tempore
1353 2444 1520 2494 Thales,
1539 2444 1819 2499 physicorum

262 2524 474 2578 princeps,
498 2525 738 2566 sciscitanti
760 2525 915 2566 Croeso
936 2524 1042 2565 nihil
1064 2529 1232 2567 certum
1253 2524 1306 2564 de
1326 2523 1561 2565 diuinitate
1580 2524 1818 2579 respondit,

262 2604 468 2646 turbatus
489 2605 653 2646 scilicet
673 2605 855 2646 uocibus
876 2605 1205 2660 prophetarum.
1267 2604 1398 2646 Solon
1420 2605 1560 2646 eidem
1581 2606 1668 2661 regi
1689 2605 1820 2646 finem

262 2685 417 2740 longae
438 2686 556 2726 uitae
576 2686 839 2726 intuendum
862 2686 1135 2740 praedicauit
1154 2700 1242 2727 non
1263 2686 1389 2727 aliter
1410 2701 1543 2741 quam
1565 2687 1818 2741 prophetae.
1840 2705 1886 2737 30

265 2766 385 2807 Adeo
409 2767 561 2820 respici
586 2772 733 2820 potest
757 2772 850 2807 tam
874 2767 967 2807 iura
992 2772 1139 2808 uestra
1163 2780 1296 2821 quam
1319 2767 1466 2808 studia
1490 2767 1543 2807 de
1565 2767 1657 2822 lege
1680 2767 1820 2822 deque

263 2851 414 2892 diuina
454 2852 653 2892 doctrina
693 2853 952 2907 concepisse.
1015 2852 1142 2902 Quod
1181 2853 1300 2907 prius
1340 2858 1417 2903 est,
1460 2853 1541 2894 hoc
1579 2853 1636 2894 sit
1673 2867 1820 2894 semen
