1975 3306
292 229 318 268 4
871 229 1276 271 TERTVLLIANI

291 343 379 385 odii
401 345 571 386 iustitia
595 345 859 395 defenditur,
886 360 998 400 quae
1022 361 1110 387 non
1134 346 1187 386 de
1211 351 1387 396 euentu,
1413 346 1488 387 sed
1512 346 1565 387 de
1590 347 1857 387 conscientia

290 421 519 475 probanda
559 424 651 464 est?
715 423 824 464 Cum
864 437 963 478 ergo
1002 428 1234 478 propterea
1273 424 1462 465 oderunt
1501 424 1710 474 homines,
1752 424 1855 479 quia

288 501 495 556 ignorant
521 504 649 558 quale
676 504 734 545 sit
761 504 879 558 quod
906 504 1107 554 oderunt,
1138 518 1213 545 cur
1239 519 1326 545 non
1353 505 1483 546 liceat
1510 505 1722 546 eiusmodi
1747 505 1855 546 illud

290 594 393 630 esse,
433 582 551 636 quod
586 597 674 623 non
711 582 903 624 debeant
938 582 1106 624 odisse?
1170 583 1241 624 Ita
1278 588 1517 638 utrumque
1553 598 1606 624 ex
1641 583 1854 625 alterutro

288 659 602 716 redarguimus,
634 667 677 702 et
705 661 904 717 ignorare
930 661 1038 711 illos,
1070 661 1176 703 dum
1205 661 1406 712 oderunt,
1438 667 1482 703 et
1508 662 1669 704 iniuste
1697 662 1851 714 odisse,
1876 676 1898 707 5

288 738 395 779 dum
416 739 633 794 ignorant.
697 740 1016 782 Testimonium
1036 739 1311 795 ignorantiae
1334 744 1412 790 est,
1437 755 1550 795 quae
1570 740 1852 796 iniquitatem

287 816 393 858 dum
424 823 617 868 excusat,
650 818 929 869 condemnat,
961 833 1061 860 cum
1091 832 1242 859 omnes
1271 818 1345 873 qui
1374 823 1491 859 retro
1520 818 1718 869 oderant,
1750 820 1853 875 quia

285 895 553 951 ignorabant
584 897 713 952 quale
743 897 801 938 sit
832 897 952 952 quod
982 897 1181 947 oderant,
1223 896 1352 938 simul
1393 897 1600 938 desinunt
1638 898 1850 953 ignorare,

286 980 459 1016 cessant
484 981 528 1017 et
552 976 706 1018 odisse.
769 977 837 1017 Ex
863 976 929 1017 his
953 976 1068 1017 fiunt
1093 976 1340 1026 Christiani,
1368 975 1522 1031 utique
1548 976 1601 1017 de
1627 983 1849 1032 conperto,

285 1057 329 1093 et
355 1053 574 1108 incipiunt
601 1055 742 1096 odisse
771 1054 889 1110 quod
918 1054 1106 1105 fuerant,
1137 1059 1182 1096 et
1208 1054 1403 1109 profiteri
1432 1054 1552 1109 quod
1579 1055 1777 1105 oderant,
1808 1061 1852 1097 et
1876 1075 1923 1097 10

283 1135 388 1171 sunt
442 1132 558 1173 tanti
614 1132 769 1187 quanti
826 1137 870 1173 et
924 1132 1201 1173 denotamur.
1265 1131 1498 1173 Obsessam
1553 1132 1853 1174 uociferantur

284 1212 535 1264 ciuitatem3
576 1214 621 1255 in
646 1215 772 1270 agris,
798 1214 843 1256 in
869 1214 1070 1264 castellis,
1096 1213 1141 1255 in
1164 1213 1316 1255 insulis
1341 1213 1633 1263 Christianos;
1675 1229 1849 1256 omnem

282 1308 449 1345 sexum,
480 1301 687 1346 aetatem,
719 1295 1032 1345 condicionem,
1064 1295 1198 1336 etiam
1227 1294 1490 1349 dignitatem
1519 1295 1763 1350 transgredi
1792 1295 1848 1337 ad

282 1374 364 1415 hoc
387 1390 548 1418 nomen
573 1378 697 1432 quasi
722 1378 988 1419 detrimento
1013 1382 1223 1427 maerent,
1250 1391 1330 1418 nec
1354 1382 1505 1418 tamen
1530 1377 1611 1417 hoc
1635 1377 1766 1418 modo
1791 1377 1847 1419 ad

281 1456 635 1498 aestimationem
663 1458 845 1499 alicuius
872 1458 1053 1499 latentis
1079 1458 1183 1499 boni
1211 1463 1476 1512 promouent
1503 1457 1685 1499 animos.
1747 1458 1847 1500 Non
1873 1476 1916 1508 15

279 1535 381 1578 licet
406 1538 567 1579 rectius
592 1539 816 1594 suspicari,
844 1553 933 1580 non
958 1538 1067 1580 libet
1092 1539 1271 1593 propius
1299 1539 1496 1593 experiri.
1557 1538 1643 1580 Hic
1668 1544 1845 1581 tantum

280 1619 508 1661 curiositas
542 1620 736 1662 humana
770 1620 993 1675 torpescit.
1055 1620 1223 1661 Amant
1254 1620 1466 1675 ignorare,
1504 1634 1603 1661 cum
1637 1620 1708 1661 alii
1742 1636 1842 1676 gau-

279 1699 414 1742 deant
452 1702 718 1757 cognouisse.
782 1701 959 1752 Quanto
998 1701 1136 1757 magis
1174 1701 1253 1742 hos
1290 1701 1554 1742 Anacharsis
1591 1701 1846 1743 denotasset

276 1782 563 1837 inprudentes
608 1785 660 1825 de
705 1783 998 1839 prudentibus
1041 1783 1288 1824 iudicantes
1333 1797 1467 1838 quam
1510 1783 1746 1824 inmusicos
1791 1784 1844 1825 de

278 1865 475 1906 musicis!
538 1865 711 1907 Malunt
761 1865 938 1915 nescire,
994 1865 1096 1920 quia
1147 1865 1236 1906 iam
1288 1865 1489 1906 oderunt.
1550 1864 1672 1905 Adeo
1725 1866 1843 1920 quod
1866 1884 1913 1905 20

277 1947 476 1988 nesciant
491 1947 796 2002 praeiudicant
811 1947 856 1988 id
874 1962 964 1988 esse
981 1947 1112 2002 quod,
1132 1947 1166 1988 si
1183 1947 1337 1996 sciant,
1357 1946 1498 1987 odisse
1514 1961 1601 1987 non
1618 1952 1839 2001 poterant,

277 2027 468 2081 quando,
519 2028 553 2069 si
601 2028 770 2070 nullum
819 2028 907 2069 odii
956 2028 1155 2069 debitum
1204 2027 1571 2082 deprehendatur,
1622 2029 1841 2083 optimum

276 2108 430 2163 utique
451 2109 508 2150 sit
530 2109 724 2150 desinere
745 2109 906 2150 iniuste
928 2108 1082 2158 odisse,
1106 2108 1140 2149 si
1163 2123 1266 2149 uero
1289 2108 1342 2149 de
1364 2108 1520 2148 merito
1543 2113 1728 2159 constet,
1752 2124 1840 2151 non

275 2189 406 2231 modo
443 2190 549 2231 nihil
585 2190 672 2231 odii
709 2189 982 2239 detrahatur,
1021 2189 1096 2230 sed
1132 2189 1321 2244 amplius
1356 2189 1618 2243 adquiratur
1652 2189 1709 2230 ad
1745 2204 1837 2244 per-

275 2271 582 2321 seuerantiam,
613 2271 746 2312 etiam
772 2270 968 2311 iustitiae
994 2269 1130 2324 ipsius
1156 2269 1436 2311 auctoritate.
1498 2268 1583 2310 Sed
1609 2284 1696 2310 non
1723 2270 1834 2321 ideo,
1859 2288 1906 2320 25

274 2352 431 2406 inquit,
459 2352 638 2402 bonum,
666 2352 769 2407 quia
794 2351 957 2393 multos
982 2351 1224 2392 conuertit:
1268 2350 1424 2405 quanti
1450 2350 1564 2391 enim
1589 2350 1646 2391 ad
1671 2350 1835 2392 malum

274 2433 626 2487 performantur?
659 2434 814 2488 quanti
842 2432 1096 2488 transfugae
1123 2432 1167 2474 in
1195 2432 1476 2486 peruersum?
1541 2431 1646 2481 Quis
1672 2434 1832 2487 negat?

273 2520 423 2556 tamen
465 2515 584 2569 quod
626 2530 726 2556 uere
768 2515 933 2555 malum
976 2520 1054 2564 est>
1098 2528 1152 2573 ne
1192 2514 1274 2568 ipsi
1317 2513 1507 2568 quidem,
1552 2527 1661 2567 quos
1703 2514 1832 2568 rapit,

273 2596 504 2637 defendere
544 2611 621 2651 pro
665 2596 776 2637 bono
816 2595 995 2636 audent.
1059 2595 1198 2636 Omne
1237 2594 1402 2635 malum
1442 2598 1521 2634 aut
1560 2594 1716 2635 timore
1755 2600 1835 2636 aut

271 2678 438 2732 pudore
485 2683 645 2718 natura
693 2677 899 2732 perfudit.
961 2676 1161 2731 Denique
1209 2675 1392 2716 malefici
1440 2675 1635 2730 gestiunt
1681 2675 1829 2726 latere,
1855 2693 1902 2724 30

271 2758 475 2799 deuitant
508 2772 730 2813 apparere,
769 2757 995 2812 trepidant
1029 2755 1297 2811 deprehensi,
1335 2760 1498 2810 negant
1533 2755 1739 2804 accusati,
1777 2770 1830 2796 ne

271 2840 375 2881 torti
421 2840 598 2894 quidem
642 2839 766 2879 facile
810 2844 889 2880 aut
932 2852 1102 2892 semper
1145 2836 1423 2886 confitentur,
1471 2841 1586 2877 certe
1629 2835 1828 2877 damnati

268 2925 479 2964 maerent.
540 2920 835 2961 Dinumerant
870 2919 915 2960 in
952 2918 1208 2972 semetipsos
1245 2917 1404 2958 mentis
1442 2916 1582 2957 malae
1618 2916 1824 2970 impetus,
