1975 3306
295 147 373 187 164
870 147 1280 189 TERTVLLIANI
1572 149 1632 203 [p.
1659 148 1709 188 14
1731 146 1760 188 l.
1787 148 1868 187 3—

297 276 328 303 ο.
350 264 404 303 50
426 277 465 318 p.
487 264 570 304 144
589 263 612 304 l.
631 265 658 304 4
681 263 825 305 omitto
844 278 912 306 eos
933 264 1008 320 qui
1028 279 1138 306 oum
1158 263 1307 319 yladio
1325 263 1508 320 proprio
1525 263 1593 306 uel
1616 263 1704 305 alio
1719 278 1869 318 yenere

301 332 448 374 mortis
474 333 642 374 mitiore
669 332 728 374 de
757 332 887 376 laude
913 333 1237 390 pepigerunt.

387 417 425 457 p.
477 404 530 443 14
577 402 601 444 l.
645 404 670 444 5
722 413 919 444 VXOREM
973 415 1057 445 IAM
1112 414 1323 445 PVDICAM
1375 414 1580 444 MARITVS
1633 414 1718 444 IAM
1771 413 1867 444 NON

299 483 881 514 ZELOTYPVs...ABDICAV1T
902 474 957 515 ad
975 480 1064 516 nat.
1083 485 1097 515 Ι
1117 476 1143 515 4
1161 489 1199 530 p.
1220 475 1275 516 64
1293 474 1317 515 1.
1338 475 1393 514 24
1409 472 1535 514 Wiss.
1552 473 1637 515 scio
1659 473 1869 514 maritum

259 554 277 585 5
304 557 434 583 unum
456 548 580 598 atque
601 543 752 593 alium,
775 544 956 585 anceium
985 551 1097 586 retro
1120 544 1171 586 de
1199 544 1348 586 umoris
1375 559 1478 586 suae
1502 543 1700 593 moribus,
1723 543 1798 598 qui
1820 558 1869 585 ne

302 628 440 654 mures
471 613 641 668 quidem
675 613 721 654 in
757 613 997 656 cubiculum
1029 615 1267 670 inrepentes
1297 614 1388 656 sine
1421 614 1582 669 yemitu
1613 612 1868 668 suspicionis

300 682 540 731 sustinebat,
560 689 773 738 comperta
796 699 927 726 causa
948 699 1086 726 nouae
1105 680 1351 726 sedulitatis
1372 690 1410 726 et
1431 684 1663 726 inusitatae
1684 683 1866 739 captiui-

300 753 402 794 tatis
437 767 601 794 omnem
635 754 762 795 uccori
793 754 1057 809 patientiam
1094 753 1324 804 obtulisse1‚
1359 768 1533 809 neyasse
1567 765 1699 797 <Se>
1736 754 1866 795 zelo-

300 829 495 878 typum,
521 823 728 865 maluisse
750 835 884 866 <se>
910 824 1040 879 lupae
1066 839 1196 880 quam
1220 824 1493 867 Christianae
1514 825 1750 866 maritum:
1782 823 1869 879 ipsi

238 908 279 930 10
298 905 423 931 suam
473 890 594 933 licuit
635 891 682 932 in
726 906 984 947 peruersum
1032 891 1254 934 demutare
1301 898 1519 941 naturam,
1560 892 1737 933 mulieri
1785 906 1866 933 non

292 961 495 1016 permisit
519 962 566 1003 in
598 962 751 1004 melius
780 963 1027 1017 reformari.
1091 963 1139 1004 cf.
1163 963 1218 1004 ad
1242 978 1358 1004 uxor.
1382 974 1418 1003 II
1443 962 1479 1004 7.
1542 961 1626 1003 See
1649 962 1725 1003 the
1748 968 1866 1018 story

298 1032 346 1072 of
370 1046 396 1072 a
427 1032 640 1073 reformed
674 1032 770 1074 wife
803 1032 1058 1074 denounced
1090 1048 1137 1074 as
1166 1048 1191 1074 a
1221 1032 1446 1075 Christian
1476 1032 1534 1088 by
1556 1032 1634 1073 her
1665 1032 1866 1074 husband

295 1101 473 1155 (lustin.
490 1102 600 1158 apol.
624 1114 659 1143 II
684 1105 708 1144 2
732 1118 771 1159 p.
794 1104 868 1144 41e
891 1104 1009 1159 seq).
1071 1104 1121 1145 cf.
1144 1103 1262 1145 what
1284 1104 1446 1145 follows
1469 1102 1570 1144 here
1592 1102 1679 1143 and
1700 1102 1755 1143 ad
1777 1110 1865 1153 nat.

297 1169 433 1210 about
471 1169 547 1211 the
586 1185 662 1211 son
700 1170 930 1212 abdicated
967 1170 1064 1223 (the
1102 1171 1387 1212 rhetorici-ans
1425 1171 1603 1226 passim.
1679 1170 1865 1223 Quintil.

239 1257 276 1288 15
298 1250 367 1279 VII
390 1240 416 1279 4
438 1236 478 1295 ἐξ
500 1241 553 1281 26
579 1239 653 1293 27)
682 1239 768 1281 and
798 1240 874 1282 the
903 1240 1021 1282 slave
1053 1247 1152 1283 sent
1184 1256 1238 1282 on
1268 1241 1345 1282 the
1378 1241 1491 1283 land.
1556 1241 1694 1282 Blunt
1727 1240 1866 1297 Right

297 1309 388 1351 Use
411 1310 598 1352 376—7.
662 1310 787 1366 Kaye
813 1312 995 1352 130—1.

385 1396 425 1437 p.
460 1382 514 1422 14
553 1381 576 1423 l.
614 1380 636 1422 7
677 1392 868 1423 SERVVM
900 1393 985 1422 IAM
1019 1393 1225 1423 FIDELEM
1258 1393 1470 1423 DOMINVS
1502 1393 1616 1423 OLIM
1648 1393 1773 1423 MITIS
1806 1393 1865 1422 AB

298 1463 462 1493 OCVLIS
494 1463 762 1494 RELEGAVIT
793 1452 847 1493 de
880 1451 1022 1494 idolol.
1048 1453 1100 1495 17
1124 1468 1185 1509 pr.
1209 1455 1268 1509 (p.
1294 1455 1348 1494 50
1379 1453 1402 1494 l.
1428 1455 1482 1494 10
1506 1452 1654 1507 Wiss.)
1684 1458 1865 1495 ceterum

298 1521 403 1577 quid
426 1520 597 1576 facient
619 1521 755 1563 serui
785 1522 850 1564 uel
878 1522 1058 1564 liberti
1082 1523 1247 1579 fideles,
1270 1523 1371 1565 item
1394 1523 1593 1578 officiales
1614 1523 1863 1579 sacrifican-

234 1611 276 1633 20
298 1591 408 1633 tibus
429 1592 617 1634 dominis
638 1592 706 1634 uel
730 1593 934 1648 patronis
955 1593 1023 1634 vel
1046 1593 1324 1649 praesidibus
1344 1594 1434 1635 suis
1456 1593 1762 1635 adhaerentes?
1791 1593 1865 1635 sed

297 1662 336 1703 si
368 1677 534 1704 merum
575 1663 670 1718 quis
706 1663 973 1717 sacrificanti
1013 1663 1259 1712 tradiderit,
1293 1665 1425 1705 immo
1458 1664 1497 1705 si
1538 1663 1663 1705 uerbo
1705 1679 1864 1719 quoque

297 1732 442 1788 aliquo
464 1733 676 1789 sacrificio
704 1735 937 1776 necessario
968 1734 1199 1784 adiuuerit,
1222 1735 1419 1776 minister
1440 1734 1659 1776 habebitur
1680 1735 1862 1777 idolola-

297 1804 419 1845 triae.
482 1805 531 1845 cf.
555 1804 695 1846 Blunt
718 1804 857 1861 Right
880 1805 971 1847 Use
996 1804 1091 1847 378.
1156 1805 1307 1847 Slaves
1330 1812 1428 1847 sent
1458 1806 1551 1846 into
1581 1806 1657 1847 the
1680 1812 1863 1863 country

296 1889 342 1915 as
364 1889 389 1915 a
410 1874 699 1930 punishment
722 1875 818 1917 qu.
842 1887 931 1916 VIII
957 1878 1040 1917 180
1062 1891 1100 1917 n.
1163 1876 1347 1917 Journal
1371 1877 1418 1917 of
1435 1875 1663 1933 Philology
1685 1888 1752 1917 XX
1777 1879 1860 1919 279

233 1960 274 1991 25
299 1946 393 1985 280.
459 1944 630 1986 Petron.
668 1947 721 1987 69
756 1946 816 1987 sic
851 1961 917 1987 me
952 1947 1125 1987 saluum
1162 1946 1365 1996 habeatis,
1398 1952 1444 1988 ut
1477 1961 1548 2002 eyo
1582 1947 1643 1989 sic
1679 1947 1860 1989 solebam

296 2015 515 2070 ipsumam
546 2031 686 2057 meam
718 2016 968 2066 debattwre,
1001 2023 1047 2059 ut
1079 2017 1209 2059 etiam
1240 2017 1438 2059 dominus
1469 2018 1787 2073 suspicaretur;
1824 2025 1862 2061 et

296 2085 389 2127 ideo
422 2099 487 2126 me
519 2084 568 2125 in
602 2084 956 2127 uilicationem
990 2086 1258 2143 relegauit.

384 2170 423 2210 p.
469 2157 523 2195 14
567 2155 589 2197 l.
634 2157 658 2197 9
704 2167 831 2197 NVNC
877 2168 1048 2206 IGITVR,
1092 2169 1132 2199 SI
1178 2169 1376 2198 NOMINIS
1426 2169 1579 2199 ODIVM
1621 2169 1713 2206 EST,
1754 2169 1859 2207 QVIS

296 2236 521 2266 NOMINVM
553 2229 762 2267 REATVS?
799 2232 880 2268 cet.
942 2227 992 2269 cf.
1021 2242 1060 2268 n.
1089 2242 1143 2268 on
1173 2242 1211 2283 p.
1247 2230 1270 2269 6
1305 2228 1328 2268 l.
1365 2230 1417 2269 19
1450 2228 1536 2269 and
1570 2230 1635 2269 21.
1699 2227 1857 2269 Iustin.

232 2312 276 2343 30
295 2295 407 2350 apol.
432 2307 446 2335 I
472 2294 493 2336 7
520 2295 544 2336 f.
567 2296 626 2351 (p.
652 2296 743 2349 56⁰)
766 2295 866 2338 ὅθεν
888 2296 1069 2338 ’πάντων
1092 2299 1179 2338 τῶν
1206 2299 1635 2352 καταγγελλομένων
1659 2297 1760 2351 ὑμῖν
1782 2296 1859 2343 τὰς

296 2364 481 2421 πράξεις
499 2364 733 2418 κρίνεσθαι
751 2365 968 2420 α’ξιοῦμεν,
986 2366 1054 2408 ἵνα
1072 2365 1092 2409 ὁ
1113 2367 1343 2424 ἐλεγχθεὶς
1362 2368 1418 2413 ὡς·
1435 2365 1582 2411 ἄδικος
1601 2367 1858 2420 κολάζηται,

298 2434 420 2476 ἀλλὰ
442 2434 502 2489 μὴ
526 2435 581 2481 ὡς
608 2435 901 2491 Χριστιανός·
937 2435 1010 2478 ἐὰν
1034 2436 1080 2479 δέ
1110 2455 1174 2482 τις
1206 2436 1470 2491 α’νέλεὙκτος
1500 2436 1724 2490 φαίνηται,
1748 2438 1855 2480 ἁπο-

296 2505 459 2557 λύηται
484 2506 539 2551 ὡς
557 2505 830 2561 Χριστιανὸς
853 2505 974 2549 οὐδὲν
993 2506 1166 2549 ἀδικῶν.
1209 2508 1428 2564 Athenag.
1446 2510 1469 2549 2
1485 2509 1542 2564 (p.
1559 2507 1624 2561 gd)
1643 2508 1691 2550 τὸ
1711 2507 1859 2551 τοίνυν

296 2574 406 2630 πρὸς
449 2574 650 2620 ἅπαντας
695 2576 794 2617 ἴσον
836 2576 908 2618 καὶ
951 2577 1074 2630 ἡμεῖς
1117 2575 1337 2630 ἀξιοῦμεν,
1378 2576 1438 2630 μὴ
1480 2577 1548 2619 ὅτι
1590 2577 1855 2633 Χριστιανοὶ

232 2658 274 2689 35
296 2643 516 2698 λεγόμεθα
547 2644 780 2695 μισεῖσθαι
813 2644 887 2687 καὶ
922 2644 1193 2698 κολάζεσθαι
1225 2645 1295 2699 (τί
1331 2644 1426 2701 Ι’γὰρ
1459 2647 1579 2699 ἡμῖν
1611 2646 1666 2688 τὸ
1699 2646 1857 2700 ὄνομα

296 2714 419 2770 πρὸς
452 2714 639 2757 κακίαν
671 2717 859 2769 τελεῖ,·)
893 2715 1017 2757 ἀλλὰ
1044 2715 1273 2772 κρίνεσθαι
1296 2715 1364 2771 ἐφ’
1387 2716 1498 2759 ὅτων
1520 2715 1573 2759 ἂν
1595 2716 1667 2758 καὶ
1699 2715 1854 2772 εὐθύνῃ

361 2812 370 2833 ¹
397 2812 523 2843 Oehler
548 2812 738 2854 strangely:
775 2817 934 2845 ‘omnem
959 2824 994 2845 u.
1019 2824 1052 2855 p.
1072 2816 1119 2855 o.]
1141 2814 1178 2846 h.
1197 2825 1227 2848 e.
1252 2814 1435 2856 repudium
1461 2814 1662 2855 scripsisse.'
1710 2814 1852 2854 Rather,

296 2868 441 2900 ‘offered
467 2871 501 2900 to
526 2868 617 2900 wink
642 2872 677 2901 at
702 2879 801 2911 every
825 2870 1022 2912 infidelity.'
