1975 3306
320 63 402 102 444
895 60 1301 102 TERTVLLIANI
1526 61 1585 116 [p.
1614 59 1743 101 1301.
1772 61 1879 102 17—

408 186 729 216 SIMPLICITATE
762 174 880 231 plain
903 175 1091 232 dealing.

409 256 664 286 ‹foNslsTAM
696 260 758 301 pr.
780 260 871 302 cap.
893 260 931 301 p.
958 247 1053 288 126.

410 331 446 370 p.
483 317 565 356 130
599 315 622 356 l.
660 318 712 358 19
745 315 897 356 Ambr.
931 315 997 356 De
1037 315 1133 356 Elia
1168 321 1213 356 et
1247 314 1419 356 Ieiunio
1456 329 1489 356 o.
1529 317 1581 355 12
1614 313 1634 371 ξ
1664 316 1718 355 45
1752 313 1882 367 (after

320 384 476 440 telling
511 385 584 426 the
626 391 745 441 story
781 385 829 426 of
866 385 1074 426 Polemo's
1111 384 1383 437 conversion)
1421 384 1699 439 philosophus
1734 389 1883 438 postea

279 472 298 502 5
320 460 462 495 tantus
498 455 692 504 euaserat,
726 460 770 495 ut
806 460 909 496 esset
942 454 1183 496 sobrietatis
1216 453 1467 509 emmplum,
1499 453 1573 508 qui
1598 453 1754 509 fuerat
1788 458 1884 495 ante

319 524 533 566 ebrietatis
563 524 808 566 ludibrium.
874 540 954 566 uon
980 525 1091 566 enim
1121 539 1250 566 ιιηιιηι
1275 523 1544 566 emendatum
1572 524 1664 565 illis
1690 523 1881 573 iuuide0;

323 600 365 634 ut
383 595 553 635 doceam
573 610 706 649 [senus
722 610 868 637 eorum
883 595 1084 637 luoeuriue
1108 610 1135 636 α
1157 609 1222 636 me
1245 609 1326 636 uon
1349 609 1434 636 esse
1454 594 1718 635 simulatum.
1779 598 1885 635 certe

319 664 393 705 ille
414 664 453 705 si
475 665 656 719 resipuit
678 680 706 705 a
727 665 840 714 uino,
853 664 949 720 fuit
971 671 1112 706 tamen
1134 679 1298 720 semper
1320 664 1568 706 temulentus
1588 663 1825 718 sacrileyio.

408 749 446 788 p.
477 735 560 775 130
593 734 616 774 l.
650 735 702 774 20
731 745 1037 775 ARISTOTELES
1056 734 1180 775 .from
1213 733 1372 775 Tabian
1400 733 1471 775 Or.
1501 733 1555 774 ad
1588 733 1659 774 Gr.
1691 735 1715 773 2
1748 731 1883 785 (cited

257 823 300 846 10
319 803 458 845 under
488 804 745 860 Aristippus
776 804 913 846 below
946 805 1004 860 by
1037 804 1228 853 Oehler).
1292 803 1418 859 Diog.
1450 803 1593 844 Laert.
1616 814 1646 843 V
1677 805 1703 843 4
1733 801 1885 856 Ἀρίσ-

320 891 485 917 τιππος
509 872 544 914 δ’
567 873 612 915 ἐν
634 874 695 930 τῷ
719 874 884 930 πρώτῳ
914 874 1017 925 περὶ
1048 876 1251 918 παλαιᾶς
1283 876 1453 929 τρυφῆς
1480 876 1619 924 φησιν
1642 871 1884 928 ἐρασθῆναι

320 943 395 984 τὸν
427 941 754 999 Ἀριστοτέλην
786 941 1070 988 παλλακίδος
1103 945 1183 984 τοῦ
1209 941 1429 999 “Ερμείου,
1462 945 1540 984 τοῦ
1574 941 1618 983 δὲ
1650 939 1886 998 συνγχωρή-

320 1031 482 1059 σαντος
516 1012 649 1067 ἔγημέ
685 1031 732 1056 τε
766 1012 907 1066 αὐτὴν
940 1014 1014 1055 καὶ
1048 1013 1172 1055 ἔθυεν
1206 1014 1490 1070 ὑπερχαίρων
1523 1014 1585 1068 τῷ
1617 1012 1795 1066 Ὑυναίῳ,
1829 1011 1886 1056 ὡς

320 1082 548 1135 Ἀθηναῖοι
581 1085 634 1139 τῇ
668 1083 930 1142 Ἐλευσινίᾳ
965 1083 1178 1139 Δήμητρι.

257 1172 299 1205 15
407 1169 444 1210 p.
494 1156 577 1196 130
625 1154 648 1196 l.
684 1157 735 1195 21
786 1166 931 1195 PLATO
976 1155 1085 1195 from
1130 1154 1288 1196 Tatian
1326 1154 1416 1208 (see
1459 1154 1542 1195 last
1583 1153 1717 1205 nobe).
1792 1151 1884 1193 The

319 1239 437 1265 same
468 1230 586 1280 story
616 1224 661 1265 in
695 1224 813 1266 Elias
841 1224 956 1266 Cret.
991 1239 1056 1280 ap.
1092 1224 1220 1281 Greg.
1248 1224 1353 1266 Naz.
1388 1224 1458 1266 Or.
1490 1226 1515 1265 3
1539 1225 1594 1277 (=
1611 1224 1658 1276 4)
1684 1223 1784 1276 [but
1816 1236 1886 1263 see

322 1293 472 1350 Migne
504 1294 547 1335 P.
573 1294 622 1336 G.
648 1305 824 1335 XXXVII
854 1310 893 1350 p.
920 1293 1023 1335 702ἃ
1045 1294 1085 1335 ll.
1109 1296 1193 1336 306
1217 1294 1272 1343 ff„
1294 1294 1383 1335 also
1416 1292 1567 1349 Chrys.
1591 1293 1702 1334 hom.
1727 1291 1889 1333 Matth.

321 1365 376 1405 33
406 1365 501 1416 (34)
530 1363 549 1419 ξ
574 1367 593 1405 1
620 1379 681 1420 pr.
744 1364 795 1405 A.
819 1363 894 1418 S.].
958 1364 1005 1405 cf.
1039 1364 1223 1420 Menage
1255 1378 1310 1404 on
1342 1363 1468 1419 Diog.
1497 1363 1642 1405 Laert.
1664 1374 1718 1404 ΙΙΙ
1743 1364 1795 1404 19
1821 1364 1887 1404 20.

322 1433 435 1474 Plut.
479 1433 564 1475 Dio
608 1436 645 1475 5.
720 1433 822 1476 Son.
864 1449 931 1490 ep.
976 1434 1028 1475 47
1067 1432 1086 1490 ξ
1130 1436 1183 1474 12
1229 1434 1361 1476 nescis
1402 1449 1486 1489 qua
1528 1432 1889 1475 aetate...seruz‘re

254 1524 300 1547 20
320 1503 706 1558 coeperit...Plc1to.
769 1503 966 1545 Lao'nant.
1000 1515 1054 1544 ΙΙΙ
1089 1506 1155 1546 25.

409 1589 447 1629 p.
483 1576 566 1615 130
599 1574 622 1615 l.
658 1576 711 1615 22
746 1585 797 1615 IN
830 1586 1047 1615 PVRPVRA
1080 1574 1146 1615 De
1180 1574 1283 1615 Pall.
1317 1576 1344 1615 4
1377 1590 1412 1615 a.
1436 1590 1490 1616 m.
1526 1575 1584 1630 (p.
1620 1575 1724 1627 939)
1756 1572 1887 1614 audio

321 1645 433 1686 euim
456 1646 559 1687 etin
582 1661 787 1701 purpura
814 1646 1171 1702 philosophatum.
1232 1646 1271 1687 si
1295 1645 1575 1701 philosophus
1603 1645 1647 1686 in
1672 1659 1889 1700 purpura,

322 1730 397 1756 cur
422 1731 499 1757 uon
524 1722 561 1757 et
582 1717 624 1757 in
651 1716 793 1758 baara?
854 1716 955 1758 Luc.
979 1716 1069 1759 Vit.
1092 1716 1223 1758 Auctss
1247 1719 1299 1757 12
1331 1715 1448 1761 Ζεύς.
1482 1714 1627 1758 ἄλλον
1654 1714 1782 1757 κάλει
1814 1713 1889 1757 τὸν

325 1786 584 1841 Κυρηναῖον,
623 1785 698 1829 τὸν
736 1787 779 1829 ἐν
820 1789 873 1841 τῇ
916 1786 1173 1844 πορφυρίδι,
1210 1786 1286 1828 τὸν
1327 1785 1702 1841 ἐστεφανωμένον.
1777 1785 1890 1827 Her-

257 1877 300 1909 25
325 1856 532 1898 monimus
571 1859 636 1899 86.
707 1857 774 1907 H.,
807 1857 1123 1899 disenohanbed
1155 1858 1203 1898 of
1235 1856 1506 1913 philosophy,
1538 1871 1652 1898 vows
1683 1871 1738 1897 no
1772 1870 1888 1896 more

323 1932 367 1968 to
400 1941 513 1967 wear
544 1942 569 1967 a
600 1927 758 1968 heard:
797 1927 918 1984 τάχα
951 1926 996 1969 δὲ
1030 1927 1101 1968 καὶ
1134 1927 1391 1984 πορφυρίδα
1421 1925 1801 1982 μεταμφιάσομαι,
1833 1925 1889 1971 ὡς

324 1996 473 2039 εἰδεῖεν
510 1995 703 2043 ἅπαντες·
740 1998 807 2040 ὅτι
844 1996 1000 2052 μηκέτι
1037 2015 1112 2052 μοι
1147 1999 1237 2040 τῶν
1272 1997 1423 2053 λήρων
1460 1997 1637 2040 ἐκείνων
1670 1995 1889 2049 μέτεστιν.

324 2067 579 2124 Gnomolog.
613 2068 710 2109 Vah.
746 2071 797 2108 41
834 2067 1032 2122 (Wiener
1064 2068 1253 2110 Studien
1287 2079 1338 2109 IX
1373 2069 1575 2121 195—6).

412 2149 683 2178 SVPERFICIE
736 2137 803 2179 De
846 2137 962 2180 Cult.
1006 2138 1124 2180 Fem.
1174 2150 1208 2179 ΙΙ
1261 2139 1313 2179 13
1364 2138 1431 2191 (of
1473 2137 1684 2193 chastity)
1727 2141 1891 2178 eructat

259 2226 304 2258 30
326 2222 348 2248 u
384 2208 638 2249 couscientia
668 2209 715 2249 in
741 2224 824 2250 -em
854 2210 888 2263 )(
919 2224 1068 2251 ‘mores-
1129 2208 1184 2250 ib.
1222 2211 1286 2250 11.
1349 2208 1403 2249 ad
1433 2213 1520 2250 nab.
1549 2219 1564 2248 Ι
1593 2210 1617 2249 5
1650 2222 1689 2263 p.
1718 2209 1772 2249 66
1806 2207 1830 2249 l.
1866 2208 1887 2247 1

326 2277 453 2319 Wiss.
485 2278 558 2333 qui
580 2293 619 2320 -e
644 2278 838 2320 uocabuli
857 2278 1076 2334 infamant
1098 2278 1330 2321 ueritatem.

415 2359 689 2389 NEPOTATVR
721 2363 826 2389 onoe
863 2348 909 2389 in
943 2348 1044 2390 Sen.
1077 2348 1275 2390 Lae-tant.
1310 2359 1363 2389 ΙΙΙ
1400 2350 1454 2389 14
1488 2347 1662 2403 (saying
1693 2347 1741 2388 of
1771 2346 1890 2388 Aris-

328 2418 520 2474 tippus):
553 2419 666 2460 *illud
687 2419 799 2460 inter
820 2434 885 2461 me
906 2425 943 2461 et
974 2426 1137 2474 nepotes
1164 2420 1346 2468 interest,
1369 2418 1479 2474 quod
1506 2419 1579 2460 isti
1601 2432 1797 2473 percum,
1820 2431 1892 2472 eyo

326 2489 468 2543 gyratis
515 2488 752 2543 uoluptates
801 2503 1041 2544 consequar,
1117 2488 1187 2530 On
1237 2488 1312 2530 the
1355 2488 1463 2529 form
1511 2487 1794 2541 (Woodham)
1842 2487 1893 2527 cf.

264 2573 309 2605 35
330 2559 561 2600 viuueucttur
593 2559 699 2600 Hor.
731 2559 825 2600 Art.
860 2558 977 2600 Poeta.
1013 2560 1108 2600 246.

419 2643 459 2683 p.
485 2630 567 2669 130
592 2628 615 2669 l.
640 2630 693 2668 25
726 2639 813 2669 SED
845 2639 983 2669 DICET
1004 2633 1083 2669 oet.
1117 2642 1148 2669 o.
1173 2629 1229 2668 44
1250 2627 1321 2670 fin.
1354 2641 1472 2669 nemo
1498 2627 1591 2669 illic
1618 2626 1681 2680 [in
1707 2626 1892 2680 carcere]

331 2696 601 2739 C'hristianus
622 2698 708 2739 uisi
728 2698 860 2753 plane
889 2704 1053 2739 tantum
1077 2697 1350 2740 Christianus
1364 2713 1379 2748 ;
1411 2703 1496 2747 aut,
1517 2697 1556 2738 si
1580 2702 1617 2739 et
1645 2695 1778 2746 aliud,
1800 2696 1892 2737 iam

331 2784 407 2809 nou
436 2768 717 2810 Clwae'sticmzus.
780 2769 918 2810 Blunt
941 2768 1079 2824 Right
1102 2768 1192 2811 Use
1214 2783 1254 2824 p.
1278 2770 1375 2810 325.
