1975 3306
211 182 266 222 28
793 180 1200 222 TERTVLLIANI

210 295 397 338 distulit.
459 297 615 338 Merito
644 297 777 352 igitur
805 296 924 338 fama
953 297 1125 338 tamdiu
1154 297 1326 338 conscia
1355 297 1446 338 sola
1475 302 1541 337 est
1569 296 1780 337 scelerum
1837 320 1841 324 Α

210 377 573 419 Christianorum.
636 377 765 418 Hanc
805 377 995 418 indicem
1036 378 1247 419 aduersus
1287 392 1367 419 nos
1408 377 1625 432 profertis,
1669 391 1782 432 quae

212 458 331 513 quod
365 459 602 514 aliquando
635 459 822 500 iactauit
854 464 1071 513 tantoque
1103 459 1248 514 spatio
1280 459 1325 500 in
1357 459 1608 513 opinionem
1641 472 1781 499 corro-

212 540 391 582 borauit
428 555 567 596 usque
606 541 751 582 adhuc
790 541 975 596 probare
1014 555 1103 582 non
1142 541 1296 591 ualuit,
1338 546 1389 582 ut
1427 540 1558 581 fidem
1598 545 1784 581 naturae

211 622 349 677 ipsius
388 622 605 677 appellem
645 621 858 662 aduersus
897 635 970 662 eos
1010 621 1085 676 qui
1126 621 1233 662 talia
1273 621 1489 662 credenda
1531 635 1621 661 esse
1661 633 1782 675 prae-

211 710 409 745 sumunt.

298 849 341 891 8.
403 849 515 889 Ecce
543 848 830 903 proponimus
859 847 1015 889 horum
1044 847 1289 889 facinorum
1318 847 1575 888 mercedem.
1634 846 1784 888 Vitam

212 935 441 971 aeternam
461 930 793 985 repromittunt.
845 929 1018 971 Credite
1038 929 1228 970 interim.
1280 929 1346 970 De
1367 928 1449 969 hoc
1470 928 1586 969 enim
1607 942 1783 983 quaero,

214 1026 272 1052 an
302 1017 346 1052 et
374 1011 449 1066 qui
479 1010 711 1052 credideris
741 1011 856 1052 tanti
886 1010 1049 1051 habeas
1078 1010 1134 1050 ad
1164 1024 1260 1050 eam
1290 1010 1367 1051 tali
1397 1009 1662 1050 conscientia
1692 1023 1784 1063 per-

214 1093 377 1134 uenire.
438 1092 561 1142 Veni,
597 1092 798 1147 demerge
831 1091 993 1132 ferrum
1025 1091 1070 1131 in
1101 1090 1319 1131 infantem
1350 1090 1512 1131 nullius
1543 1089 1782 1139 inimicum,

214 1174 376 1215 nullius
408 1188 544 1223 reum,
580 1173 778 1214 omnium
811 1172 962 1222 filium,
998 1173 1080 1222 uel,
1116 1172 1151 1213 si
1184 1172 1364 1213 alterius
1397 1171 1588 1213 officium
1622 1176 1700 1221 est,
1735 1176 1786 1211 tu

216 1255 348 1296 modo
397 1254 561 1295 adsiste
609 1253 810 1295 morienti
863 1253 1028 1294 homini
1077 1257 1319 1307 antequam
1367 1252 1494 1302 uixit,
1545 1251 1787 1307 fugientem

216 1337 412 1378 animam
443 1351 606 1378 nouam
639 1341 837 1391 expecta,
872 1335 1023 1390 excipe
1054 1334 1209 1376 rudem
1240 1334 1511 1390 sanguinem,
1546 1348 1595 1375 eo
1627 1347 1787 1388 panem

216 1423 347 1459 tuum
385 1417 511 1467 satia,
552 1431 726 1458 uescere
763 1417 964 1458 libenter.
1026 1417 1202 1457 Interea
1241 1415 1520 1457 discumbens
1558 1415 1787 1456 dinumera

216 1499 326 1548 loca,
358 1498 433 1539 ubi
463 1503 617 1548 mater,
649 1498 725 1540 ubi
755 1512 897 1548 soror;
944 1503 1051 1539 nota
1081 1497 1323 1552 diligenter,
1356 1502 1419 1547 ut,
1452 1511 1551 1538 cum
1581 1495 1788 1538 tenebrae

217 1579 456 1621 ceciderint
490 1579 685 1630 caninae,
723 1594 811 1621 non
846 1594 971 1621 erres.
1034 1579 1263 1620 Piaculum
1298 1579 1413 1620 enim
1447 1578 1674 1620 admiseris
1706 1577 1789 1619 nisi

216 1661 435 1702 incestum
455 1659 619 1702 feceris.
682 1661 803 1702 Talia
823 1661 1027 1702 initiatus
1047 1666 1091 1702 et
1111 1661 1394 1716 consignatus
1414 1660 1528 1701 uiuis
1547 1660 1591 1701 in
1612 1673 1786 1700 aeuum.
1803 1676 1805 1678 ·

218 1742 357 1797 Cupio
392 1742 670 1797 respondeas,
708 1743 743 1784 si
778 1743 894 1784 tanti
930 1742 1182 1784 aeternitas.
1244 1743 1336 1784 Aut
1370 1742 1404 1783 si
1440 1756 1540 1791 non,
1577 1741 1675 1782 ideo
1710 1754 1789 1781 nec

219 1821 451 1863 credenda.
513 1822 701 1863 Etiamsi
731 1822 976 1873 credideris,
1004 1837 1114 1878 nego
1141 1828 1185 1864 te
1210 1823 1343 1872 uelle3
1388 1822 1560 1864 etiamsi
1585 1821 1787 1870 uolueris,

219 1918 331 1959 nego
361 1909 406 1945 te
431 1918 570 1958 posse.
633 1904 718 1945 Cur
744 1919 843 1959 ergo
869 1904 941 1945 alii
968 1904 1150 1959 possint,
1179 1904 1213 1945 si
1239 1918 1318 1945 uos
1343 1918 1431 1945 non
1457 1903 1669 1958 potestis?
1715 1917 1791 1944 cur

219 1999 309 2027 non
334 1985 523 2040 possitis,
551 1985 586 2026 si
611 1985 683 2026 alii
709 1986 922 2040 possunt?
986 1985 1083 2026 Alia
1108 1999 1200 2034 nos,
1228 1984 1395 2039 opinor,
1422 1990 1606 2035 natura;
1649 1984 1788 2039 Cyno-

222 2080 361 2121 paene
390 2071 470 2106 aut
499 2065 762 2120 Sciapodes2
825 2066 909 2107 Alii
941 2066 1113 2107 ordines
1143 2065 1356 2115 dentium,
1389 2065 1461 2106 alii
1491 2065 1548 2106 ad
1577 2065 1790 2106 incestam

221 2146 448 2188 libidinem
480 2147 630 2188 nerui?
696 2147 778 2196 Qui
809 2147 894 2188 ista
926 2146 1064 2187 credis
1095 2146 1149 2187 de
1180 2146 1368 2196 homine,
1402 2151 1528 2201 potes
1559 2151 1604 2187 et
1633 2145 1788 2187 facere.

222 2228 370 2269 Homo
400 2242 444 2268 es
473 2233 518 2269 et
544 2227 649 2282 ipse,
681 2228 800 2283 quod
829 2233 874 2269 et
902 2227 1187 2269 Christianus.
1251 2227 1334 2277 Qui
1362 2242 1450 2268 non
1479 2232 1605 2282 potes
1633 2227 1787 2276 facere,

222 2323 312 2350 non
339 2308 472 2349 debes
499 2308 684 2350 credere.
747 2308 893 2350 Homo
922 2314 989 2350 est
1016 2308 1131 2350 enim
1159 2313 1204 2350 et
1230 2308 1503 2350 Christianus
1531 2313 1575 2348 et
1601 2307 1719 2362 quod
1747 2312 1792 2348 et

223 2394 288 2430 tu.
350 2388 435 2430 Sed
462 2388 769 2444 ignorantibus
796 2389 1010 2430 subicitur
1039 2394 1083 2430 et
1109 2389 1349 2444 inponitur.
1412 2388 1530 2429 Nihil
1559 2388 1674 2428 enim
1703 2387 1791 2428 tale

224 2470 280 2511 de
310 2470 568 2512 Christianis
598 2471 836 2512 asseuerari
867 2470 1066 2512 sciebant
1095 2470 1421 2512 obseruandum
1452 2469 1606 2525 utique
1635 2469 1716 2510 sibi
1748 2474 1792 2510 et

224 2550 345 2591 omni
395 2551 624 2605 uigilantia
674 2551 1045 2607 inuestigandum.
1074 2559 1077 2561 ’
1107 2551 1276 2606 Atquin
1327 2550 1578 2592 uolentibus
1627 2550 1790 2591 initiari

227 2631 359 2672 moris
397 2637 474 2681 est,
515 2632 680 2687 opinor,
722 2633 841 2687 prius
878 2638 1050 2687 patrem
1087 2632 1210 2674 illum
1246 2646 1469 2673 sacrorum
1507 2631 1638 2681 adire,
1679 2645 1792 2686 quae

226 2711 531 2766 praeparanda
553 2712 642 2753 sint
663 2712 917 2753 describere.
980 2712 1092 2753 Tum
1113 2711 1206 2753 ille:
1246 2711 1400 2752 Infans
1422 2711 1504 2752 tibi
1526 2711 1792 2752 necessarius

228 2792 374 2834 adhuc
406 2798 542 2843 tener,
578 2794 652 2848 qui
685 2794 853 2835 nesciat
885 2799 1086 2843 mortem,
1122 2793 1197 2848 qui
1229 2792 1310 2834 sub
1344 2793 1484 2834 cultro
1517 2798 1595 2834 tuo
1627 2792 1791 2842 rideat,

226 2874 336 2915 item
384 2874 522 2928 panis,
573 2888 659 2929 quo
706 2874 930 2929 sanguinis
977 2873 1258 2914 uirulentiam
1306 2873 1504 2929 colligas3
1569 2878 1794 2928 praeterea

1805 634 1824 663 5

1808 1108 1852 1131 10

1812 1513 1852 1545 Ι5

1811 1920 1856 1943 20

1812 2326 1855 2358 25

1815 2727 1859 2758 30
