1975 3306
116 141 160 182 p.
192 125 324 167 1261.
349 127 421 180 33]
582 124 1029 166 APOLOGETICVS
1063 126 1130 175 45,
1167 127 1222 165 46
1602 125 1685 165 431

116 256 278 297 among
316 240 564 282 Christians
601 239 801 289 artisans‚
833 240 903 281 old
938 255 1116 289 women,
1149 255 1221 281 are
1254 240 1418 281 models
1456 240 1503 281 of
1535 239 1690 288 virtue,

117 311 202 352 and
228 312 321 352 love
346 310 462 352 their
484 309 752 365 neighbours
781 325 827 351 as
857 309 1131 351 themselves.
1196 310 1452 366 Testimony
1477 310 1524 350 of
1552 309 1689 365 Pliny,

118 396 182 437 ep.
207 381 318 422 Trai.
344 382 398 422 96
422 379 530 433 (97).

208 467 248 508 p.
273 453 355 493 126
384 451 407 492 l.
434 453 484 491 21
518 461 837 491 PLENITVDINE
867 450 934 492 De
965 450 1161 507 Spectac.
1188 453 1241 492 20
1268 451 1339 492 fin.
1363 451 1463 493 haec
1495 457 1553 492 est
1579 451 1689 492 ueri·

118 523 220 564 tatis
243 521 467 576 inteyritas
488 526 527 562 et
550 535 657 575 quae
673 521 711 562 ei
732 520 904 562 debetur
921 520 1178 576 disciplinae
1195 521 1432 577 plenitudo.
1481 520 1535 562 ib.
1556 522 1607 561 21
1628 535 1690 576 pr.
1713 536 1732 567 5

118 592 284 641 ethnici,
308 606 409 647 quos
426 605 556 646 penes
578 591 700 631 nulla
722 596 781 632 est
802 591 1000 632 ueritatis
1022 592 1249 646 plenitudo.

208 678 247 718 p.
284 663 365 703 126
400 661 424 703 l.
459 663 513 702 23
544 672 775 702 TIMENTES
819 661 979 703 Tatian
1022 664 1048 703 4
1087 662 1163 705 τὸν
1204 664 1283 714 μὲν
1323 661 1409 718 «γὰρ
1454 661 1690 718 ἄνθρωπον

118 730 409 787 ’ἀνθρωπίνως
447 730 673 784 τιμητέον·
720 731 947 784 φοβητέον
986 732 1032 774 δὲ
1072 732 1203 786 μόνον
1241 732 1317 775 τὸν
1356 731 1464 775 θεόν.
1529 732 1688 774 Matth.

123 805 177 844 10
209 803 275 843 28.
338 801 463 858 Kaye
494 803 549 843 48
578 817 617 843 n.
650 804 686 843 3.

762 973 869 1017 CAP.
908 974 1055 1015 XLVI

208 1096 247 1137 p.
274 1082 356 1122 126
390 1081 414 1122 l.
439 1083 492 1122 25
526 1092 833 1122 CONSTITIMVS
867 1096 899 1122 c.
924 1083 950 1122 4
973 1096 1033 1137 pr.
1062 1081 1154 1122 iam
1185 1081 1236 1123 cle
1268 1096 1399 1123 cansa
1429 1081 1692 1123 innocentiae
1715 1101 1758 1124 10

116 1152 360 1193 consistam.
422 1166 454 1193 c.
496 1153 548 1193 19
577 1150 703 1192 Fuld.
735 1165 776 1206 p.
810 1152 864 1192 62
898 1152 934 1192 5.
1003 1150 1098 1192 infr.
1134 1151 1213 1192 hoc
1245 1166 1277 1192 e.
1310 1166 1350 1206 p.
1385 1152 1469 1192 130
1501 1151 1527 1191 1.
1564 1150 1613 1191 17
1654 1151 1693 1192 si

121 1221 172 1263 cle
209 1221 483 1277 simplicitate
520 1221 757 1263 consistam.
821 1220 888 1261 De
926 1220 1076 1262 Idolol.
1114 1222 1167 1261 13
1207 1219 1379 1270 Oehler,
1411 1235 1450 1276 p.
1486 1222 1542 1261 44
1575 1221 1599 1262 1.
1640 1222 1690 1261 12

124 1291 249 1333 VViss.
293 1291 343 1333 cle
377 1291 451 1333 hoc
485 1290 656 1346 quidem
692 1290 836 1345 primo
869 1290 1107 1339 consistam,
1141 1306 1209 1332 an.
1284 1290 1488 1332 Marciam.
1522 1291 1547 1331 1.
1581 1293 1605 1332 2
1638 1291 1692 1332 de

123 1362 218 1418 lege
252 1361 377 1404 Corn.
410 1361 463 1402 de
498 1361 614 1410 falso,
647 1360 732 1416 dig.
767 1372 919 1401 XLVIII
955 1363 1008 1402 10
1039 1360 1059 1418 ξ
1087 1360 1109 1402 7
1146 1361 1263 1403 nullo
1295 1361 1417 1402 moclo
1448 1361 1565 1403 serui
1597 1376 1693 1403 cum

119 1432 311 1481 dominis
341 1433 430 1474 suis
461 1432 685 1474 consistere
717 1440 901 1487 possunt.
965 1432 1015 1473 ef.
1048 1431 1239 1473 Dirksen
1271 1446 1341 1473 ΞΝ.
1376 1447 1415 1473 n.
1450 1433 1473 1472 2
1509 1431 1692 1474 ‘iudicio
1714 1449 1756 1481 15

118 1503 332 1558 commedit
396 1503 559 1545 actione
591 1502 803 1558 experiri.³

213 1589 251 1630 p.
278 1576 360 1615 126
394 1574 418 1615 1.
443 1575 497 1615 26
532 1584 857 1614 INTENTIONEM
893 1572 1043 1622 strain,
1070 1587 1281 1628 pressure.
1345 1586 1377 1613 e.
1411 1570 1463 1612 27
1496 1587 1557 1627 pr.
1587 1573 1694 1614 satis

123 1645 225 1687 haec
257 1644 466 1686 aduersus
497 1644 770 1686 intentionem
804 1644 943 1686 laesae
974 1644 1231 1685 diuinitatis.

213 1725 440 1755 FLAGITAT
473 1712 601 1770 Cypr.
637 1713 706 1754 Ad
743 1713 1012 1755 Demetrian.
1049 1716 1101 1754 12
1135 1713 1205 1755 dei
1234 1728 1377 1755 seruos
1409 1719 1446 1755 et
1476 1714 1694 1755 maiestati

125 1800 176 1827 ac
234 1784 403 1825 numini
460 1784 550 1826 eius
608 1784 772 1826 dicatos
822 1784 996 1825 iniustis
1049 1783 1412 1839 persecutionibus
1462 1784 1692 1839 flayitatis.
1713 1797 1758 1818 20

123 1854 179 1896 id.
213 1869 277 1910 ep.
312 1856 366 1895 20
403 1852 466 1910 §I
507 1860 596 1896 orto
633 1854 780 1895 statim
816 1854 1072 1895 turbationis
1109 1853 1269 1909 impeta
1305 1853 1464 1908 primo,
1497 1868 1592 1894 cum
1628 1867 1693 1894 me

124 1926 311 1967 clamore
343 1925 525 1966 uiolento
552 1924 805 1980 frequenter
829 1925 1020 1980 populus
1043 1923 1301 1980 flaystasset,
1324 1938 1406 1964 non
1435 1929 1524 1965 tam
1555 1938 1694 1965 meam

124 1997 308 2038 salutem
356 2010 487 2051 quam
539 1995 719 2050 quietem
763 1996 968 2052 fratrum
1008 1994 1233 2051 publicani
1285 1994 1474 2049 cogyitans
1520 1996 1695 2037 interim

125 2067 282 2108 secessi.

217 2151 255 2191 p.
281 2137 363 2177 126
386 2136 410 2176 I.
435 2137 490 2177 28
513 2147 826 2184 ANTIQVITATE
847 2151 881 2177 c.
906 2137 958 2178 19
982 2150 1045 2191 pr.
1068 2135 1121 2176 47
1146 2150 1206 2191 pr.
1713 2149 1758 2180 25

218 2221 256 2262 p.
287 2208 368 2248 126
402 2207 428 2247 l.
457 2208 510 2248 29
545 2218 858 2248 CONFESSIONE
889 2221 945 2248 cc.
978 2207 1162 2248 19-23.
1216 2207 1269 2246 25
1301 2220 1363 2260 pr.
1393 2219 1431 2245 n.
1494 2205 1545 2247 cf.
1581 2205 1693 2246 Har-

130 2276 241 2317 nack
265 2275 404 2316 Texte
428 2287 516 2316 VIII
541 2277 566 2316 4
588 2290 658 2331 pp.
685 2278 869 2317 IIO-I.

220 2360 258 2401 p.
284 2346 366 2385 126
390 2344 414 2386 1.
439 2346 493 2386 33
517 2356 688 2386 SEOTAE
711 2360 744 2386 ο.
766 2347 822 2386 43
841 2346 867 2385 f.

220 2426 487 2456 OBDVCITVR
519 2430 574 2456 ce.
608 2417 674 2456 39.
710 2417 777 2457 50.
839 2416 905 2457 De
950 2414 1099 2456 Pudio.
1141 2413 1164 2456 7
1208 2429 1246 2470 p.
1287 2415 1375 2465 232
1418 2414 1445 2455 1.
1479 2415 1532 2454 14
1569 2413 1694 2455 Wiss.

126 2485 341 2526 >obduxero
390 2485 588 2526 diuersae
632 2486 778 2540 partis
822 2484 1229 2540 praesumptionem.
1300 2483 1366 2524 De
1410 2482 1551 2525 Carne
1594 2482 1695 2525 Chr.
1715 2500 1761 2531 30

135 2558 187 2597 19
230 2570 290 2611 pr.
335 2570 430 2596 cum
470 2555 783 2596 adulteratores
832 2555 920 2596 eius
972 2554 1189 2595 obcluoeero.
1265 2552 1332 2593 De
1372 2551 1498 2594 Cam.
1544 2552 1696 2594 Resur.

135 2627 160 2666 2
199 2640 236 2681 Ρ.
274 2623 326 2665 27
361 2624 385 2665 1.
419 2626 443 2664 2
478 2623 555 2664 Kr.
587 2623 752 2666 obducti
783 2624 932 2666 oleliinc
964 2624 1015 2665 ole
1047 2624 1119 2665 deo
1153 2623 1297 2665 carnis
1338 2628 1519 2664 auctore.
1581 2622 1695 2663 Adu.

136 2696 343 2751 Hermog.
377 2696 432 2735 38
464 2709 504 2750 Ρ.
540 2696 621 2736 168
656 2694 680 2734 l.
715 2696 768 2736 16
793 2694 868 2735 Kr.
931 2693 998 2735 De
1031 2693 1171 2735 Ieiun.
1196 2695 1247 2733 11
1268 2707 1307 2748 Ρ.
1333 2694 1416 2734 289
1440 2692 1464 2733 1.
1490 2693 1543 2733 15
1567 2691 1694 2733 Wiss.

135 2764 247 2806 Adu.
272 2764 401 2806 Maro.
432 2776 448 2804 I
479 2766 530 2804 21
567 2778 608 2820 Ρ.
631 2766 715 2805 318
739 2764 763 2805 1.
788 2763 811 2805 7
838 2764 912 2805 Kr.
937 2775 991 2804 III
1016 2765 1069 2805 16
1092 2762 1164 2804 fin.
1187 2774 1218 2803 V
1243 2764 1297 2803 10
1319 2777 1358 2818 p.
1383 2763 1467 2804 606
1491 2762 1515 2803 l.
1542 2763 1594 2803 16
1619 2761 1694 2803 Kr.

136 2834 249 2875 Adu.
284 2834 406 2875 Prax.
438 2832 491 2875 27
516 2848 576 2889 pr.
1715 2846 1759 2878 35
