1975 3306
152 164 195 206 p.
222 153 304 194 140
326 152 353 195 l.
381 153 449 206 18]
619 152 1064 196 APOLOGETlovs
1098 154 1167 203 48,
1203 155 1257 196 49
1635 154 1716 195 467

150 267 241 310 sine
282 269 371 310 ullo
414 269 761 311 reuir-escentium
808 269 1056 312 detrimento
1100 270 1254 312 aduret
1296 275 1462 311 tuntum
1504 284 1553 311 ac
1594 283 1717 310 sensu

149 337 315 380 doloris
346 339 527 394 adficiet.
591 338 654 381 Of.
680 339 870 381 Orien‘oii
894 339 1207 382 Commonibor.
1232 341 1414 381 154—5.

241 420 424 451 MONTES
466 410 533 451 De
577 410 744 452 Paenib.
790 412 842 451 12
885 425 946 466 pr.
989 411 1093 465 quid
1145 411 1273 451 illum
1315 410 1563 452 thesaurum
1603 408 1718 464 iynis

151 480 316 521 aeterni
347 480 635 530 aestimamus,
667 495 762 522 cum
783 480 1037 536 fumariola
1074 479 1285 536 quaedam
1328 481 1417 522 eius
1453 479 1560 521 tales
1583 480 1715 535 flum-

153 565 326 591 marum
347 551 456 592 ictus
477 551 687 600 suscitent,
710 556 756 592 ut
772 551 1001 606 prowimae
1024 550 1144 592 ‘urbes
1165 556 1240 592 aut
1265 550 1356 591 iam
1379 550 1527 591 nullae
1548 554 1716 597 exstent,
1737 565 1756 596 5

151 626 229 662 aut
263 620 377 662 idem
408 621 491 663 sibi
521 621 572 664 de
603 621 672 664 die
712 622 907 677 sperent?
959 621 1180 662 dissiliunt
1220 620 1517 676 superbissimi
1559 625 1717 661 montes

151 690 266 745 iynis
287 691 541 734 intrinsecus
561 691 673 748 fetu,
695 698 732 734 et
753 691 865 747 quod
886 691 1003 733 nobis
1024 691 1179 733 iudicii
1196 691 1526 747 perpetuitatem
1548 690 1716 746 probat,

154 774 249 801 cum
270 760 503 811 dissiliant,
526 777 621 804 cum
642 761 911 811 deuorentur,
930 776 1165 816 numquam
1187 767 1329 803 tamen
1342 761 1571 817 finiuntur.
1625 761 1718 816 quis

152 828 253 872 haec
274 830 491 886 supplicia
512 831 686 873 interim
709 831 919 873 montium
941 846 1022 872 non
1045 830 1201 873 iudicii
1221 831 1429 872 minantis
1450 830 1717 886 eoeemplaria

152 900 398 956 deputabit?
438 902 533 957 quis
563 902 778 944 scintillas
809 901 918 943 tales
948 917 1030 942 non
1071 901 1222 956 mayni
1254 901 1441 943 alicuius
1474 907 1512 943 et
1543 901 1718 942 inaesti-
1740 919 1782 941 10

153 971 326 1013 mabilis
345 972 443 1027 foci
472 973 660 1014 *missilia
689 972 899 1028 quaedam
930 978 968 1014 et
1000 972 1253 1014 ewercitoria
1283 972 1429 1014 iacula
1460 972 1718 1014 consentiet?

156 1041 315 1083 Pacian
339 1057 512 1098 paraen.
537 1045 603 1092 11,
627 1043 777 1099 Migne
807 1043 851 1083 P.
868 1042 914 1084 L.
944 1054 1034 1083 XIII
1068 1040 1203 1084 1088d
1237 1044 1381 1093 108921,
1404 1042 1498 1083 who
1530 1043 1717 1084 borrows

154 1111 231 1153 the
253 1126 447 1168 passage,
463 1127 614 1154 names
637 1113 782 1154 Aetna
798 1112 1074 1154 Lisaniculus
1088 1112 1144 1166 (2)
1164 1112 1255 1166 [u.l.
1279 1112 1468 1166 Siculus]
1495 1112 1536 1153 V
1533 1113 1718 1154 esuuius.

155 1182 268 1239 Aug.
291 1182 359 1224 De
377 1182 472 1225 Ciu.
491 1182 576 1224 Dei
594 1194 680 1224 XXI
695 1185 721 1224 4
740 1198 780 1239 p.
799 1185 881 1225 491
902 1183 927 1225 l.
948 1185 1001 1223 22
1020 1182 1090 1224 D.3
1106 1179 1285 1238 quidam
1306 1182 1519 1224 notissimi
1540 1182 1720 1224 Siciliae

156 1258 325 1302 montes,
347 1254 421 1308 qui
449 1259 571 1295 tanta
600 1254 803 1309 temporis
831 1253 1118 1305 diuturnitate
1141 1268 1189 1295 ac
1222 1258 1430 1295 uetustate
1458 1267 1584 1308 usque
1610 1267 1720 1294 nunc
1742 1267 1781 1297 15

154 1338 206 1365 ac
228 1323 422 1380 deinceps
434 1325 633 1380 flammis
655 1331 850 1367 aestuant
873 1330 996 1380 atque
1017 1324 1175 1379 integjri
1189 1329 1478 1379 perseuerant.

244 1408 283 1449 p.
319 1396 402 1435 140
436 1395 459 1436 l.
495 1396 548 1435 12
594 1405 675 1443 QVI
719 1406 780 1436 DE
823 1406 971 1436 CAELO
1012 1405 1260 1442 TANGITVR,
1302 1405 1476 1434 SAvas
1515 1404 1596 1434 EST
1639 1399 1720 1435 cet.

154 1463 342 1516 Quintil.
366 1465 485 1507 Decl.
505 1467 589 1507 264
606 1465 728 1519 (lex.)
750 1480 830 1521 quo
853 1465 949 1521 quis
971 1465 1057 1507 loco
1068 1464 1263 1521 fulmine
1284 1464 1392 1506 ictus
1402 1463 1557 1520 fuerit,
1579 1464 1720 1506 eodem

156 1536 399 1590 sepeliatur.
452 1536 611 1578 Festus
633 1551 672 1592 p.
693 1536 818 1578 1901.
834 1538 860 1577 8
877 1536 941 1577 ed.
960 1535 1154 1592 Lindsay
1175 1536 1213 1577 si
1234 1534 1446 1577 hominem
1456 1534 1722 1590 fulminibus

156 1606 310 1656 occisit,
356 1622 405 1648 ne
445 1621 582 1662 supra
621 1621 761 1661 yenua
794 1606 943 1648 tollito.
1007 1605 1117 1648 Plin.
1163 1617 1198 1646 ΙΙ
1236 1607 1291 1646 54
1327 1603 1347 1662 ξ
1381 1607 1463 1646 145
1513 1605 1722 1647 hominem
1742 1621 1785 1642 20

157 1676 221 1717 ita
242 1676 534 1718 ewanimatum
563 1677 750 1719 cremari
765 1677 848 1732 fas
869 1691 951 1718 non
973 1682 1042 1726 est,
1065 1676 1190 1718 condi
1218 1682 1336 1718 terra
1357 1676 1509 1730 reli9io
1527 1675 1722 1717 tradidit.

157 1746 420 1788 Artemidor.
463 1758 498 1787 II
541 1749 567 1788 8
609 1762 648 1803 p.
682 1749 735 1788 81
776 1747 839 1788 ed.
876 1747 1028 1803 Rigalt
1071 1746 1121 1788 οὐ
1162 1745 1249 1801 «γὰρ
1292 1745 1333 1788 οἱ
1376 1744 1724 1802 κεραυνωθέντες

157 1815 482 1869 μετατίθενται,
515 1816 638 1858 ἀλλὰ
682 1815 794 1859 ὅπου
837 1815 892 1859 ἂν
931 1815 1017 1859 ὑπὸ
1057 1819 1135 1858 τοῦ
1172 1815 1310 1871 πυρὸς
1353 1815 1723 1872 καταληφθῶσιν,

155 1885 352 1928 ἐνταῦθα
387 1886 650 1929 θάπτονται.

793 2036 899 2079 CAP.
933 2036 1083 2078 XLIX

249 2172 289 2212 p.
314 2159 399 2199 140
431 2157 456 2198 l.
481 2159 534 2199 16
568 2168 975 2199 PRAESVMPTIONES
1007 2172 1039 2198 C.
1059 2159 1112 2199 19
1136 2157 1225 2198 cod.
1249 2157 1373 2199 Fuld.
1396 2172 1435 2213 p.
1462 2159 1516 2199 62
1541 2157 1722 2213 fiducia,
1742 2172 1784 2203 25

159 2242 293 2283 quam
300 2227 695 2283 praesumptionem
710 2228 885 2270 uocatis.
909 2228 976 2269 De
991 2228 1107 2269 Test.
1126 2227 1272 2269 Anim.
1289 2229 1315 2268 4
1333 2242 1372 2283 p.
1390 2229 1473 2268 138
1491 2227 1515 2268 l.
1527 2229 1580 2267 18
1596 2226 1722 2269 Wiss.

161 2310 214 2338 ea
235 2297 376 2352 opinio
401 2297 653 2338 Christiana
675 2297 742 2351 [of
758 2297 834 2338 ‘ohe
856 2297 1402 2353 resurrection]..propter
1426 2312 1550 2338 suum
1572 2312 1722 2339 nomen

157 2367 243 2408 soli
276 2366 463 2408 uanitati
494 2372 531 2408 et
561 2367 728 2422 stupori
758 2373 806 2416 et,
834 2373 880 2408 ut
911 2367 1084 2415 dicitur,
1102 2367 1450 2422 praesumptioni
1481 2366 1722 2421 deputatur.

163 2436 235 2478 sed
256 2451 340 2478 non
361 2436 654 2485 erubescimus,
667 2437 706 2477 si
726 2442 861 2478 tecum
883 2437 965 2478 erit
985 2443 1133 2478 nostra
1147 2436 1460 2492 praesumptio.
1473 2469 1480 2476 .
1493 2435 1562 2476 .ib.
1580 2435 1635 2476 ad
1651 2435 1722 2478 fin.

157 2506 235 2548 sed
267 2504 463 2560 forsitan
499 2505 550 2546 cle
582 2520 706 2547 sensu
740 2511 838 2560 post
873 2519 1084 2547 ewcessum
1116 2506 1182 2546 tui
1212 2506 1367 2547 certior
1406 2504 1466 2546 sis
1507 2519 1637 2560 quam
1673 2504 1724 2546 de
1741 2521 1786 2552 30

163 2575 666 2624 resurrectione...,cuius
687 2591 761 2617 nos
786 2581 1135 2631 praesmnptores
1161 2575 1423 2617 denotamur.
1485 2574 1552 2615 De
1575 2574 1723 2616 Anim.

162 2649 218 2688 48
240 2661 280 2702 p.
308 2645 391 2687 379
415 2645 455 2686 ll.
481 2647 547 2694 13,
572 2648 624 2687 15
649 2645 774 2687 Wiss.
839 2646 1093 2702 Rosengren
1114 2645 1181 2687 De
1205 2646 1371 2687 Elocut.
1396 2644 1497 2687 Sen.
1520 2659 1559 2700 p.
1583 2646 1650 2686 38.

251 2731 290 2772 p.
317 2717 401 2757 140
424 2715 448 2757 l.
474 2715 526 2757 17
552 2727 708 2757 POET1s
732 2715 929 2757 Lactant.
954 2727 1022 2756 vn
1049 2718 1114 2756 22.

250 2801 289 2841 p.
315 2787 398 2827 140
431 2786 456 2827 l.
481 2787 535 2826 18
568 2796 654 2827 NOS
685 2797 841 2827 INEPTI
872 2786 990 2827 Lact.
1020 2797 1070 2826 IV
1104 2787 1157 2827 13
1189 2784 1286 2841 §14
1318 2800 1394 2827 cur
1424 2785 1561 2840 iyitur
1590 2785 1719 2840 uulyo

158 2870 241 2911 pro
262 2855 404 2897 stultis
424 2861 462 2898 et
483 2856 611 2897 uanis
636 2861 674 2897 et
702 2856 857 2911 ineptis
888 2855 1102 2905 habemur,
1125 2855 1199 2911 qui
1228 2861 1440 2897 sectamur
1460 2855 1718 2909 mayistrum
1737 2867 1779 2898 35

1474 2943 1606 2981 30-2
