1975 3306
311 125 395 166 260
884 124 1290 167 TERTVLLIANI
1551 128 1636 184 ⁹[p.
1661 129 1715 168 56
1736 127 1762 168 l.
1790 128 1873 168 5—

400 239 424 281 l.
448 241 472 281 5
495 254 580 295 seq.
628 254 660 281 C.
681 241 731 280 21
757 240 849 281 iam
869 240 1082 283 ediaeimzts
1102 241 1228 284 decom
1249 242 1572 284 ‘zoziztersitatem
1593 242 1702 285 hanc
1723 242 1875 284 mundi

312 310 436 353 uerbo
463 316 500 352 et
527 311 694 352 ratione
723 317 759 352 et
791 312 945 353 uirtute
970 312 1266 355 molitum...et
1293 328 1367 355 izos
1396 314 1525 355 etiam
1545 313 1730 355 sermoni
1752 319 1877 369 atque

312 379 474 420 rationi
495 379 673 434 itemque
698 379 859 429 uirtuti,
877 394 959 434 per
980 394 1087 434 (letae
1115 380 1260 421 omnia
1288 381 1484 422 ‘molitum
1505 381 1630 422 deam
1652 380 1877 430 ediscimus,

306 449 536 504 propriam
571 448 853 490 substantiam
888 449 1093 505 spiritum
1124 450 1406 501 inscribimus,
1435 451 1505 493 cui
1537 457 1574 493 et
1604 466 1740 493 sermo
1771 451 1876 492 insit

271 539 291 571 5
305 520 609 575 pronuntianti
625 525 663 562 et
678 520 791 562 ratio
810 520 925 562 adsit
941 521 1181 576 disponenti
1197 527 1234 563 et
1249 521 1391 563 uirtus
1406 522 1575 576 praesit
1591 521 1875 577 praeficienti.

313 588 473 630 Minue.
510 592 563 630 18
604 587 623 646 ξ
658 588 680 630 7
724 605 820 632 ozam
854 590 1013 645 palam
1053 591 1108 633 sit
1142 597 1368 646 parentem
1405 591 1593 633 omnium
1630 592 1766 634 Dezim
1804 606 1875 633 ¹nec

305 660 578 715 principium
624 660 775 703 habere
822 676 896 703 ‘nec
943 662 1199 704 terrtzinecm:
1242 662 1315 717 qui
1362 662 1637 704 ozatizcitatem
1685 661 1877 703 omnibus

306 737 507 786 praestet,
538 731 620 772 sibi
643 733 1003 787 perpetzcitcitem;
1035 733 1109 788 qai
1141 738 1237 775 (inte
1268 733 1475 775 mandam
1498 733 1644 788 fuerit
1673 732 1755 774 sibi
1785 733 1877 787 ipse

306 815 390 856 pro
417 801 601 852 mzwzdo;
634 802 707 857 qui
728 802 945 852 uniuersa,
967 818 1250 859 quaecumque
1281 810 1388 854 sunt,
1410 803 1535 845 uerbo
1561 803 1682 854 iubet,
1708 803 1875 844 ratione

250 889 294 911 10
313 871 541 926 dispensat,
567 871 721 914 uirtute
744 879 1016 915 consummat.
1059 874 1126 915 hic
1148 889 1219 916 'nec
1241 874 1384 916 uideri
1405 880 1563 930 potest‚·
1590 874 1687 915 nisti
1715 873 1876 915 clarior

312 946 371 982 est
383 955 399 991 ;
442 955 514 982 nec
555 942 860 996 comprehendi.
943 942 1201 984 Tzschirner
1242 945 1326 985 325
1370 959 1454 1000 seq.
1531 942 1777 986 Christi-ans
1819 957 1874 983 no

313 1010 498 1052 atheists
532 1011 717 1053 because
741 1011 918 1065 (Iustin.
954 1013 1078 1069 Apol.
1116 1025 1131 1054 Ι
1168 1015 1243 1067 16)
1277 1013 1383 1070 they
1409 1014 1595 1069 worship
1626 1029 1651 1054 a
1683 1012 1873 1055 Creator.

315 1081 413 1136 Esp.
436 1080 654 1137 Athen-ag.
677 1096 709 1123 o.
734 1085 759 1122 4
781 1097 820 1138 p.
845 1084 869 1123 5
885 1083 913 1123 b
941 1082 1036 1124 God
1058 1083 1144 1124 and
1167 1089 1330 1125 matber
1351 1083 1556 1126 distinct:
1589 1084 1666 1125 the
1688 1083 1811 1139 reign
1834 1082 1882 1124 of

313 1152 393 1192 law
424 1166 578 1207 proves
609 1167 634 1193 a
665 1152 936 1209 providence.

251 1242 293 1275 15
401 1237 440 1278 p.
475 1224 528 1264 56
553 1223 576 1263 l.
601 1224 625 1264 9
650 1234 920 1264 INVISIBILIS
951 1230 1031 1265 cen.
1065 1223 1283 1280 Abhenag.
1316 1226 1370 1265 10
1399 1239 1438 1280 p.
1471 1226 1524 1265 10
1546 1224 1574 1265 b
1607 1222 1870 1280 ἀόρατον,...

315 1291 967 1349 ἀκατάληπτον,...(ὶχώρητον.
1030 1294 1189 1335 Tati-dn
1220 1298 1245 1334 4
1275 1309 1313 1350 p.
1339 1296 1363 1336 6
1387 1310 1419 1344 c,
1442 1294 1469 1336 d
1503 1293 1688 1350 ἀόρατός
1721 1311 1767 1335 τε
1799 1292 1873 1335 καὶ

314 1361 499 1418 ἀναφής.
583 1363 675 1404 The
731 1363 869 1405 whole
926 1379 1108 1421 passage
1166 1364 1376 1406 identical
1436 1365 1541 1406 with
1593 1364 1754 1406 Minue.
1810 1366 1875 1405 18.

314 1433 553 1475 Hennecke
587 1433 766 1476 Aristid.
796 1434 883 1476 ind.
913 1450 951 1490 p.
987 1437 1041 1476 53
1076 1435 1150 1476 col.
1187 1438 1207 1476 1
1234 1436 1257 1476 f.
1290 1435 1375 1476 and
1410 1437 1433 1476 2
1467 1450 1527 1491 pr.
1562 1435 1677 1489 [adu.
1711 1434 1803 1476 Val.
1839 1434 1874 1476 7.

314 1502 475 1545 Nouat.
509 1503 607 1545 trin.
641 1506 693 1545 31
728 1519 788 1560 pr.
821 1504 872 1546 A.
906 1505 984 1558 SM]

250 1591 294 1613 20
402 1588 440 1629 p.
474 1574 527 1614 56
562 1573 585 1614 1.
621 1575 675 1614 10
709 1585 1213 1615 INCOMPREHENSIBILIS
1243 1574 1518 1620 Athanasian
1547 1575 1671 1616 creed
1701 1575 1874 1630 (Bailey

315 1643 493 1685 Rituale
516 1643 776 1700 Anglocabh.
801 1647 855 1685 48
878 1647 995 1701 seq).
1041 1645 1153 1686 Iren.
1178 1656 1212 1686 ΙΙ
1238 1648 1290 1687 18
1316 1648 1351 1687 2.
1386 1658 1434 1686 IV
1460 1649 1511 1688 19
1537 1648 1573 1687 2.
1619 1645 1799 1700 [Niceta
1820 1645 1874 1686 de

314 1714 449 1770 symb.
474 1716 498 1755 2
522 1714 572 1756 A.
596 1715 660 1769 S.]
718 1715 830 1772 Aug.
855 1716 991 1757 Serm.
1015 1717 1100 1757 384
1123 1716 1176 1757 de
1199 1716 1315 1758 Trin.
1348 1718 1398 1770 (V
1423 1719 1535 1758 1485
1558 1716 1655 1770 bis).

402 1801 440 1841 p.
476 1787 529 1827 56
568 1786 591 1827 l.
632 1789 682 1826 11
724 1797 1099 1827 INAESTIMABILIS
1136 1786 1297 1828 Minue.
1334 1789 1386 1827 18
1419 1785 1438 1843 ξ
1479 1789 1505 1827 8
1542 1801 1614 1828 nec
1651 1786 1876 1828 <testimari

314 1856 499 1911 [potest]
521 1856 708 1898 sensibus
729 1857 871 1898 maior
893 1863 961 1907 est,
983 1857 1188 1912 infinitus,
1210 1857 1450 1907 immensusy
1472 1863 1509 1899 et
1529 1857 1610 1898 soli
1630 1856 1711 1897 sibi
1732 1862 1876 1899 tantus

250 1944 268 1965 2
274 1943 294 1975 5
314 1932 497 1981 queamus
518 1932 576 1968 est
596 1932 718 1968 notus
731 1943 742 1968 .·
776 1926 892 1968 nobis
913 1942 1013 1969 uero
1037 1927 1094 1968 ad
1116 1927 1371 1969 intellectum
1393 1933 1540 1982 pectus
1569 1932 1796 1981 aozyzcstzim
1817 1932 1876 1968 est

314 2002 351 2038 et
382 1996 475 2038 ideo
503 1996 564 2038 sic
593 2011 687 2038 eccm
708 1997 834 2052 digme
861 1997 1148 2047 aestimamus,
1170 1997 1274 2038 diem
1301 1997 1658 2039 inaestimabilem
1680 1997 1872 2039 dicimus.

315 2065 482 2122 [Study
504 2066 551 2107 of
567 2066 740 2108 Ambsb.
763 2082 802 2122 p.
828 2070 908 2108 111
934 2067 986 2108 A.
1011 2067 1071 2122 S]

403 2152 441 2192 p.
466 2138 520 2178 56
544 2137 567 2178 l.
593 2139 646 2179 16
680 2149 864 2179 CAPIT=
883 2136 1112 2195 ἐνδέχεται
1135 2138 1250 2180 Terta.
1276 2138 1342 2180 De
1365 2138 1513 2179 Idolol.
1539 2140 1603 2179 10.
1661 2137 1727 2179 De
1750 2137 1875 2194 Fuga

315 2205 360 2246 in
394 2205 556 2246 Perseo.
582 2208 603 2246 1
628 2220 667 2261 p.
691 2221 744 2247 m.
777 2206 947 2248 Oehler.
1011 2207 1077 2248 De
1111 2206 1247 2249 Cultu
1280 2207 1399 2249 Fem.
1424 2218 1438 2247 Ι
1473 2209 1496 2248 2
1519 2222 1558 2263 p.
1583 2222 1635 2248 m.
1662 2207 1762 2249 haec
1792 2222 1875 2248 ‘non

252 2296 296 2326 30
317 2277 432 2331 capit
454 2276 690 2318 aestimare.
744 2276 810 2318 De
834 2276 960 2319 Carn.
985 2277 1081 2318 Res.
1107 2280 1159 2319 26
1183 2278 1253 2318 fin.
1306 2277 1419 2319 Adu.
1451 2277 1581 2318 Haer.
1604 2279 1660 2317 44
1684 2277 1709 2318 f.
1760 2276 1874 2318 Adu.

317 2345 446 2387 Marc.
470 2357 485 2386 Ι
510 2348 534 2387 6
556 2361 595 2402 p.
621 2348 704 2387 298
727 2347 751 2388 l.
778 2348 831 2388 10
856 2347 930 2388 Kr.
964 2359 998 2388 ΙΙ
1031 2350 1055 2389 9
1078 2363 1116 2403 p.
1141 2349 1225 2389 346
1254 2347 1277 2388 l.
1303 2346 1325 2388 7
1352 2347 1427 2388 Kr.
1461 2358 1515 2387 ΙΙΙ
1546 2349 1570 2389 6
1593 2362 1632 2402 p.
1656 2348 1740 2388 385
1771 2346 1794 2387 l.
1820 2348 1874 2388 20

318 2414 393 2455 Kr.
420 2416 472 2455 13
496 2416 563 2455 f=
582 2415 694 2457 Adu.
718 2416 812 2457 Iud.
838 2418 862 2458 9
886 2417 1145 2470 [references
1175 2416 1277 2458 here
1306 2416 1472 2472 wrong]
1496 2428 1545 2456 IV
1570 2418 1593 2457 5
1623 2431 1662 2471 p.
1687 2417 1767 2456 431
1801 2415 1824 2456 l.
1849 2417 1874 2456 8

319 2485 393 2526 Kr.
438 2485 550 2527 Adu.
576 2486 696 2528 Prax.
723 2486 745 2528 7
769 2502 808 2543 p.
827 2496 881 2529 m.
927 2487 1053 2543 Bapt.
1080 2490 1143 2529 15.
1189 2488 1259 2529 Ad
1282 2493 1369 2529 nat..
1394 2498 1429 2527 ΙΙ
1452 2489 1478 2528 3
1500 2502 1539 2542 p.
1559 2488 1613 2528 98
1637 2487 1660 2527 l.
1678 2487 1731 2534 13
1752 2485 1874 2527 VViss.

319 2554 385 2595 De
409 2555 651 2611 Monogam.
677 2559 700 2597 2
724 2572 783 2612 pr.
811 2560 862 2598 15
886 2573 939 2598 m.
988 2550 1116 2613 Vulg.
1140 2557 1242 2599 Luc.
1268 2559 1321 2598 13
1344 2558 1410 2598 33.
1456 2555 1629 2597 Ro'nsch
1656 2555 1754 2596 Ital.
1779 2557 1874 2597 351.

255 2642 298 2674 35
320 2625 534 2667 Gaudent.
554 2627 621 2668 Tr.
641 2628 665 2669 9
689 2627 754 2680 (in
777 2627 926 2684 Migne
945 2630 1042 2680 XX).
1087 2628 1199 2669 Iren.
1218 2639 1253 2668 ΙΙ
1278 2629 1332 2668 28
1355 2629 1392 2668 4.
1425 2638 1480 2667 111
1500 2629 1550 2667 11
1577 2628 1614 2667 8.
1660 2626 1758 2679 [cet.
1792 2625 1876 2667 See

321 2694 376 2736 N.
400 2695 444 2736 T.
470 2695 511 2737 S.
535 2696 705 2738 Irenaei
728 2697 848 2753 chap.
872 2697 896 2739 i.
920 2703 1021 2739 sect.
1045 2696 1091 2740 C.
1139 2697 1189 2739 A.
1209 2697 1272 2752 8.]
1334 2696 1436 2751 [See
1458 2696 1547 2737 also
1569 2695 1694 2736 Thes.
1717 2710 1755 2751 p.
1780 2696 1875 2736 333.

321 2764 371 2806 A.
391 2765 452 2819 S]
1313 2800 1315 2803 .

409 2850 447 2890 p.
472 2837 525 2876 56
557 2835 580 2876 l.
607 2839 660 2876 18
690 2836 802 2878 Adu.
833 2837 962 2878 Marc.
990 2849 1020 2877 V
1046 2839 1098 2878 16
1122 2852 1160 2893 Ρ.
1185 2839 1268 2879 630
1291 2837 1314 2879 l.
1341 2838 1393 2878 19
1418 2836 1493 2878 Kr.
1524 2836 1708 2879 creatori
1737 2841 1882 2877 autem.
