1975 3306
275 151 299 190 6
822 135 828 143 ’
850 147 1253 190 TERTVLLIANI

272 265 341 306 uel
379 264 471 306 fato
508 264 576 306 uel
612 264 740 305 astris
774 264 1022 318 imputant;
1076 262 1233 303 nolunt
1269 262 1384 302 enim
1419 276 1547 302 suum
1584 275 1687 311 esse,
1726 260 1828 315 quia

274 345 439 386 malum
473 350 728 399 agnoscunt.
790 343 1062 385 Christianus
1094 357 1197 384 uero
1231 342 1337 397 quid
1371 341 1535 383 simile?
1599 341 1828 382 Neminem

275 427 424 481 pudet,
471 427 689 467 neminem
735 425 943 480 paenitet,
990 424 1071 465 nisi
1117 423 1245 478 plane
1288 428 1404 464 retro
1449 437 1536 464 non
1581 422 1725 463 fuisse.
1787 421 1830 462 Si

275 507 525 556 denotatur,
554 507 785 561 gloriatum
829 506 863 546 si
890 510 1133 554 accusatur,
1161 519 1249 545 non
1275 503 1494 553 defendit:
1537 503 1831 558 interrogatus

275 589 342 630 uel
367 589 481 630 ultro
505 589 750 637 confitetur,
776 588 1013 629 damnatus
1034 587 1197 641 gratias
1219 586 1322 641 agit.
1386 584 1500 634 Quid
1522 585 1603 625 hoc
1626 584 1727 625 mali
1751 589 1828 634 est,
1854 603 1874 633 5

277 670 394 724 quod
421 670 639 711 naturalia
667 670 766 710 mali
796 684 883 710 non
911 668 1057 717 habet,
1087 668 1302 716 timorem,
1327 666 1552 721 pudorem,
1576 666 1830 720 tergiuersa-

275 751 453 800 tionem,
482 750 813 805 paenitentiam,
842 749 1215 803 deplorationem?
1280 747 1421 797 Quid?
1453 747 1533 787 hoc
1560 746 1724 786 malum
1752 750 1829 794 est,

276 831 397 872 cuius
415 845 512 872 reus
530 830 720 885 gaudet?
759 830 880 870 cuius
898 829 1119 870 accusatio
1138 833 1294 869 uotum
1314 832 1379 868 est
1398 832 1442 868 et
1459 841 1599 882 poena
1618 826 1828 867 felicitas?

276 912 375 953 Non
408 918 533 967 potes
565 912 832 953 dementiam
866 912 1019 961 dicere,
1055 911 1128 965 qui
1161 910 1392 951 reuinceris
1423 909 1634 964 ignorare.

359 1055 401 1096 2.
463 1056 505 1096 Si
543 1061 709 1095 certum
747 1060 813 1095 est
849 1054 1036 1108 denique
1072 1068 1151 1094 nos
1186 1053 1518 1094 nocentissimos
1555 1066 1657 1101 esse,
1698 1065 1772 1092 cur
1808 1066 1830 1092 a
1858 1069 1902 1092 10

276 1137 401 1178 uobis
435 1137 538 1191 ipsis
573 1137 699 1177 aliter
732 1141 977 1177 tractamur
1011 1150 1143 1190 quam
1179 1149 1304 1190 pares
1338 1134 1488 1184 nostri,
1524 1134 1569 1175 id
1604 1139 1669 1174 est
1703 1133 1834 1174 ceteri

276 1224 495 1267 nocentes,
531 1232 629 1258 cum
665 1217 857 1258 eiusdem
890 1231 1031 1257 noxae
1065 1216 1216 1257 eadem
1250 1216 1459 1257 tractatio
1492 1216 1671 1257 deberet
1702 1215 1832 1256 inter-

275 1299 448 1340 uenire?
514 1298 815 1353 Quodcunque
850 1298 1047 1347 dicimur,
1085 1311 1184 1338 cum
1219 1297 1290 1338 alii
1326 1297 1544 1347 dicuntur,
1582 1302 1626 1338 et
1660 1296 1834 1351 proprio

275 1394 347 1421 ore
386 1385 430 1421 et
467 1379 732 1420 mercenaria
771 1378 1062 1419 aduocatione
1099 1383 1288 1419 utuntur
1325 1378 1381 1419 ad
1418 1378 1694 1419 innocentiae
1732 1391 1835 1418 suae

277 1460 719 1502 commendationem.
781 1458 1106 1514 Respondendi,
1162 1458 1401 1500 altercandi
1454 1458 1642 1500 facultas
1695 1463 1832 1513 patet,
1861 1479 1902 1511 15

277 1542 454 1596 quando
493 1555 571 1582 nec
609 1541 739 1581 liceat
775 1539 1023 1581 indefensos
1062 1545 1106 1580 et
1142 1539 1365 1581 inauditos
1404 1540 1581 1580 omnino
1620 1539 1832 1580 damnari.

278 1622 362 1664 Sed
382 1622 637 1664 Christianis
656 1621 757 1662 solis
775 1621 881 1662 nihil
901 1621 1173 1675 permittitur
1191 1620 1309 1676 loqui
1330 1621 1447 1675 quod
1467 1635 1643 1662 causam
1664 1626 1832 1675 purget,

278 1708 397 1764 quod
427 1709 661 1750 ueritatem
694 1708 915 1757 defendat,
950 1708 1067 1762 quod
1098 1707 1285 1748 iudicem
1319 1723 1407 1749 non
1442 1708 1577 1749 faciat
1606 1708 1832 1758 iniustum,

278 1796 354 1837 sed
381 1795 488 1836 illud
514 1795 653 1836 solum
680 1799 939 1849 expectatur
967 1794 1085 1848 quod
1113 1794 1212 1835 odio
1239 1794 1413 1848 publico
1439 1794 1728 1835 necessarium
1755 1799 1833 1843 est,

278 1883 489 1924 confessio
529 1881 730 1931 nominis,
772 1895 856 1921 non
900 1881 1167 1921 examinatio
1208 1881 1419 1922 criminis:
1478 1881 1667 1936 quando,
1710 1882 1743 1922 si
1784 1881 1837 1922 de
1860 1897 1906 1919 20

278 1970 424 2024 aliquo
467 1974 651 2009 nocente
694 1967 977 2022 cognoscatis,
1022 1981 1109 2007 non
1152 1967 1304 2008 statim
1348 1967 1543 2009 confesso
1586 1982 1635 2008 eo
1678 1982 1836 2009 nomen

279 2055 522 2097 homicidae
561 2054 629 2095 uel
668 2053 861 2108 sacrilegi
899 2053 968 2094 uel
1006 2053 1159 2094 incesti
1198 2053 1266 2094 uel
1305 2053 1466 2108 publici
1506 2054 1655 2104 hostis,
1696 2059 1747 2096 ut
1784 2054 1837 2095 de

278 2142 439 2184 nostris
466 2141 805 2198 elogiisyloquar,
836 2140 1031 2181 contenti
1059 2140 1153 2181 sitis
1180 2140 1236 2181 ad
1264 2141 1654 2195 pronuntiandum,
1684 2141 1765 2182 nisi
1793 2146 1837 2182 et

279 2228 591 2284 consequentia
643 2227 839 2282 exigatis,
894 2226 1154 2281 qualitatem
1206 2226 1326 2277 facti,
1379 2241 1623 2277 numerum,
1677 2227 1834 2276 locum,

280 2315 475 2365 modum,
513 2320 701 2369 tempus,
740 2313 945 2362 conscios,
984 2313 1134 2354 socios.
1195 2313 1262 2354 De
1297 2313 1422 2354 nobis
1457 2313 1562 2354 nihil
1599 2313 1698 2363 tale,
1737 2327 1836 2354 cum
1861 2334 1905 2366 25

280 2417 418 2458 aeque
462 2401 710 2456 extorqueri
754 2405 977 2455 oporteret
1020 2400 1138 2454 quod
1182 2414 1281 2441 cum
1325 2400 1434 2441 falso
1477 2400 1681 2450 iactatur,
1728 2406 1838 2455 quot

282 2490 466 2544 quisque
489 2488 576 2529 iam
599 2487 874 2528 infanticidia
898 2487 1185 2541 degustasset,
1211 2491 1320 2541 quot
1342 2486 1507 2527 incesta
1532 2487 1835 2528 contenebras-

281 2581 360 2625 set,
394 2575 468 2630 qui
499 2574 602 2623 coci,
636 2573 709 2628 qui
742 2587 869 2614 canes
899 2572 1156 2614 adfuissent.
1220 2572 1255 2614 O
1287 2578 1454 2627 quanta
1484 2572 1598 2614 illius
1628 2573 1837 2628 praesidis

281 2661 429 2717 gloria,
453 2660 486 2701 si
509 2660 690 2700 eruisset
711 2659 913 2713 aliquem,
938 2658 1012 2712 qui
1035 2663 1211 2699 centum
1232 2658 1320 2698 iam
1341 2657 1533 2699 infantes
1554 2659 1834 2700 comedisset!

283 2746 450 2801 Atquin
489 2745 736 2786 inuenimus
774 2743 1101 2798 inquisitionem
1141 2757 1315 2798 quoque
1352 2743 1397 2784 in
1435 2758 1514 2785 nos
1553 2743 1834 2799 prohibitam.
1861 2764 1909 2797 30

283 2833 448 2875 Plinius
495 2831 608 2872 enim
656 2830 880 2872 Secundus
927 2844 1025 2871 cum
1072 2830 1342 2885 prouinciam
1389 2835 1567 2886 regeret,
1616 2830 1837 2874 damnatis
