1975 3306
273 122 351 161 120
847 119 1250 161 TERTVLLIANI

269 235 426 285 dimus,
466 236 596 277 deum
635 236 870 291 tangimus,
910 241 954 277 et
990 249 1090 276 cum
1127 235 1467 277 misericordiam
1504 236 1827 285 extorserimus,

270 305 440 360 Iupiter
471 305 724 348 honoratur.

352 437 427 478 41.
488 438 576 479 Vos
594 438 726 493 igitur
744 438 970 493 inportuni
991 437 1119 478 rebus
1139 437 1354 487 humanis,
1378 452 1455 478 uos
1475 437 1534 478 rei
1554 437 1829 492 publicorum

266 512 644 554 incommodorum
693 512 840 553 inlices
887 526 1070 566 semper,
1119 511 1238 566 apud
1286 526 1395 566 quos
1442 512 1548 553 deus
1595 512 1829 566 spernitur,

268 594 444 629 statuae
467 588 721 629 adorantur.
783 587 961 628 Etenim
985 587 1231 628 credibilius
1255 587 1404 628 haberi
1428 587 1560 628 debet
1583 601 1682 628 eum
1705 587 1831 628 irasci
1853 599 1871 631 5

269 664 344 718 qui
375 663 629 718 neglegatur
660 677 793 717 quam
825 663 899 717 qui
931 662 1146 711 coluntur,
1180 668 1259 703 aut
1288 677 1371 703 nae
1400 662 1460 703 illi
1490 662 1764 717 iniquissimi,
1797 662 1831 703 si

269 745 448 793 propter
475 738 743 779 Christianos
770 738 905 778 etiam
931 737 1119 779 cultores
1144 752 1245 778 suos
1271 737 1465 786 laedunt,
1495 752 1604 792 quos
1631 752 1832 792 separare

269 813 480 854 deberent
508 828 533 853 a
563 813 729 853 meritis
759 812 1119 853 Christianorum.
1181 812 1290 862 Hoc,
1323 812 1518 866 inquitis,
1551 818 1595 854 et
1624 813 1667 853 in
1700 813 1831 853 deum

268 895 465 930 uestrum
507 894 779 943 repercutere
821 893 899 938 est,
943 887 977 929 si
1020 887 1136 942 quod
1181 892 1225 928 et
1265 887 1356 941 ipse
1398 887 1608 942 patiatur,
1652 893 1833 942 propter

269 963 475 1018 profanos
510 963 643 1004 etiam
679 978 779 1004 suos
814 962 1001 1003 cultores
1036 962 1161 1003 laedi.
1225 962 1461 1003 Admittite
1496 962 1615 1017 prius
1650 962 1830 1017 disposi-
1854 978 1896 1000 10

270 1039 412 1080 tiones
446 1038 549 1087 eius,
587 1044 632 1078 et
665 1052 752 1078 non
786 1037 1109 1091 retorquebitis.
1173 1037 1255 1086 Qui
1291 1037 1405 1077 enim
1440 1037 1571 1077 semel
1605 1043 1833 1078 aeternum

268 1113 478 1154 iudicium
517 1112 759 1153 destinauit
797 1117 898 1166 post
936 1111 1095 1152 saeculi
1134 1111 1278 1160 finem,
1320 1126 1407 1152 non
1446 1111 1710 1166 praecipitat
1749 1111 1831 1152 dis-

270 1188 520 1236 cretionem,
539 1201 651 1241 quae
668 1192 733 1227 est
749 1186 944 1227 condicio
960 1186 1121 1235 iudicii,
1140 1191 1243 1226 ante
1259 1186 1418 1226 saeculi
1434 1186 1578 1226 finem.
1625 1186 1834 1240 Aequalis

271 1269 336 1304 est
350 1262 527 1304 interim
543 1276 672 1316 super
687 1276 815 1302 omne
831 1261 1060 1302 hominum
1075 1276 1210 1316 genus
1227 1266 1270 1302 et
1284 1261 1513 1316 indulgens
1530 1266 1574 1302 et
1588 1261 1831 1316 increpans.

270 1338 529 1379 Communia
552 1337 694 1378 uoluit
716 1351 806 1378 6336
829 1342 872 1378 et
894 1337 1125 1377 commoda
1148 1336 1342 1390 profanis
1365 1342 1409 1377 et
1429 1336 1708 1377 incommoda
1731 1336 1832 1385 suis,
1856 1351 1896 1382 15

269 1419 320 1454 ut
352 1413 445 1468 pari
478 1413 696 1453 consortio
729 1426 880 1453 omnes
913 1417 957 1453 et
988 1412 1218 1452 lenitatem
1251 1412 1341 1452 eius
1374 1417 1418 1452 et
1449 1412 1730 1452 seueritatem
1764 1426 1834 1452 ex-

269 1489 521 1543 periremur.
585 1487 695 1536 Quia
737 1487 843 1528 haec
882 1487 945 1528 ita
986 1487 1217 1527 didicimus
1257 1487 1376 1541 apud
1416 1487 1573 1541 ipsum,
1616 1487 1835 1542 diligimus

267 1565 511 1613 lenitatem,
556 1563 793 1603 metuimus
834 1562 1129 1611 seueritatem,
1173 1577 1251 1603 uos
1293 1568 1445 1603 contra
1487 1567 1722 1616 utramque
1763 1561 1834 1602 de-

269 1639 459 1693 spicitis:
505 1643 548 1679 et
573 1637 770 1691 sequitur
796 1643 847 1678 ut
871 1652 1021 1678 omnes
1047 1637 1206 1677 saeculi
1232 1636 1386 1691 plagae
1410 1636 1550 1684 nobis,
1578 1637 1612 1677 si
1639 1636 1764 1685 forte,
1791 1636 1836 1677 in

269 1713 632 1761 admonitionem,
654 1712 780 1752 uobis
799 1712 843 1752 in
863 1711 1197 1766 castigationem
1217 1726 1241 1751 a
1262 1711 1342 1751 deo
1362 1710 1617 1752 obueniant.
1667 1711 1836 1765 Atquin
1856 1725 1899 1747 20

269 1804 348 1829 nos
375 1788 494 1829 nullo
518 1787 648 1827 modo
677 1787 912 1835 laedimur,
950 1786 1148 1840 inprimis
1177 1786 1279 1840 quia
1310 1785 1413 1826 nihil
1446 1790 1601 1827 nostra
1632 1786 1765 1827 refert
1792 1786 1836 1826 in

271 1864 354 1904 hoc
388 1877 496 1904 aeuo
526 1862 606 1903 nisi
643 1861 696 1902 de
732 1876 781 1901 eo
814 1875 947 1915 quam
982 1861 1176 1902 celeriter
1211 1860 1430 1909 excedere,
1464 1860 1634 1910 dehinc,
1669 1860 1771 1915 quia
1802 1860 1836 1901 si

273 1938 378 1992 qiud
395 1937 566 1978 aduersi
582 1936 804 1991 infligitur,
822 1935 978 1976 uestris
998 1935 1163 1976 meritis
1183 1926 1437 1989 deputaturj
1487 1935 1571 1976 Sed
1591 1934 1671 1976 etsi
1690 1935 1837 1989 aliqua

270 2028 350 2054 nos
373 2026 549 2068 quoque
575 2011 904 2066 praestringunt
926 2016 978 2068 ut
999 2010 1124 2051 uobis
1147 2010 1441 2059 cohaerentes,
1462 2010 1679 2051 laetamur
1700 2009 1837 2065 magis

274 2087 570 2143 recognitione
596 2087 847 2127 diuinarum
872 2085 1264 2140 praedicationum,
1293 2085 1649 2126 confirmantium
1675 2085 1839 2126 scilicet
1857 2099 1899 2132 25

274 2163 481 2204 fiduciam
512 2167 556 2203 et
591 2161 722 2202 fidem
755 2161 846 2216 spei
875 2166 1064 2202 nostrae.
1138 2159 1212 2201 8111
1244 2175 1346 2201 uero
1378 2159 1434 2201 ab
1467 2160 1525 2201 eis
1558 2174 1666 2214 quos
1698 2159 1838 2200 colitis

273 2238 420 2278 onmia
463 2237 588 2278 uobis
622 2237 738 2277 mala.
778 2235 989 2276 eueniunt
1024 2235 1158 2276 nostri
1201 2249 1344 2284 causa,
1386 2234 1492 2289 quid
1526 2235 1663 2275 colere
1697 2248 1837 2289 perse-

275 2313 440 2354 ueratis
469 2317 563 2353 tam
594 2312 801 2367 ingratos,
835 2316 929 2352 tam
958 2310 1156 2360 iniustos,
1196 2310 1269 2365 qui
1312 2310 1449 2365 magis
1489 2324 1567 2351 uos
1606 2310 1651 2351 in
1692 2310 1839 2350 dolore

278 2387 625 2429 Christianorum
666 2387 817 2427 iuuare
862 2391 906 2427 et
945 2385 1143 2426 adserere
1187 2384 1444 2432 debuerant,
1486 2399 1596 2439 quos
1639 2399 1839 2439 separare

275 2462 488 2503 deberent
519 2476 544 2502 a
577 2461 743 2501 meritis
775 2460 1150 2501 Christianorum?
1859 2472 1903 2505 30

360 2586 435 2628 42.
496 2586 579 2627 Sed
611 2585 695 2626 alio
727 2599 902 2640 quoque
931 2585 1188 2626 iniuriarum
1220 2584 1351 2626 titulo
1382 2584 1670 2639 postulamur,
1705 2590 1749 2626 et
1777 2585 1839 2626 in-

277 2660 492 2702 fructuosi
526 2660 571 2700 in
604 2659 790 2713 negotiis
821 2659 1019 2700 dicimur.
1083 2658 1178 2708 Quo
1213 2663 1345 2713 pacto
1380 2657 1577 2699 homines
1612 2658 1840 2700 uobiscum

277 2737 499 2791 degentes,
551 2734 743 2775 eiusdem
792 2734 949 2782 uictus,
1000 2733 1190 2783 habitus,
1239 2733 1493 2782 instructus,
1545 2732 1738 2774 eiusdem
1785 2733 1841 2775 ad

279 2811 420 2852 uitam
459 2809 758 2850 necessitatis?
822 2808 975 2862 Neque
1015 2807 1130 2848 enim
1171 2807 1473 2848 Brachmanae
1511 2812 1591 2848 aut
1628 2807 1841 2849 Indorum
