1975 3306
321 125 399 164 116
895 124 1298 165 TERTVLLIANI

316 239 392 281 sed
417 240 473 280 ad
499 239 682 281 eandem
707 254 857 281 curam
882 240 1124 281 modestiae
1148 245 1193 281 et
1217 240 1467 295 pudicitiae,
1495 246 1546 281 ut>
1571 240 1645 294 qui
1670 254 1757 280 non
1783 245 1875 280 tam

316 328 497 355 coenam
528 315 811 356 coenauerint
841 329 973 369 quam
1006 314 1294 369 disciplinam.
1356 315 1477 355 Haec
1508 315 1638 355 coitio
1670 314 1874 355 Christia-

314 403 472 430 norum
501 389 657 430 merito
686 403 790 430 sane
818 389 998 439 inlicita,
1029 389 1064 430 si
1092 389 1269 430 inlicitis
1298 403 1389 443 par,
1421 389 1577 430 merito
1607 388 1873 437 damnanda,

316 464 350 504 si
377 464 473 518 quis
499 463 552 504 de
579 478 628 505 ea
654 464 851 518 queritur
877 478 925 505 eo
952 464 1082 505 titulo
1109 479 1196 518 quo
1222 464 1276 505 de
1301 463 1568 505 factionibus
1594 463 1768 518 querela
1795 469 1873 503 est.

316 539 370 579 In
402 539 524 580 cuius
555 539 789 594 perniciem
822 539 1058 593 aliquando
1092 539 1402 580 conuenimus?
1465 538 1562 579 Hoc
1594 552 1744 579 sumus
1776 551 1874 578 con-
1895 549 1915 580 5

316 614 482 669 gregati
505 614 623 668 quod
649 620 692 655 et
715 614 908 668 dispersi,
935 613 1016 654 hoc
1040 614 1230 654 uniuersi
1254 613 1372 668 quod
1397 619 1439 654 et
1462 613 1631 668 singuli,
1657 612 1874 653 neminem

314 689 550 739 laedentes,
605 689 824 730 neminem
878 689 1202 730 contristantes.
1265 688 1373 730 Cum
1426 688 1565 743 probi,
1621 702 1720 729 cum
1772 687 1875 728 boni

316 769 488 813 coeunt,
511 778 610 804 cum
630 763 702 818 pii,
725 777 824 804 cuni
845 763 954 804 casti
975 768 1306 818 congregantur,
1328 778 1417 803 non
1438 769 1501 804 est
1522 763 1656 804 factio
1676 762 1873 804 dicenda.

316 838 391 879 sed
414 838 545 879 curia.

398 969 472 1011 40.
533 970 594 1011 At
622 984 643 1010 e
673 970 890 1011 contrario
919 969 1001 1010 illis
1029 984 1190 1011 nomen
1218 970 1422 1011 factionis
1451 969 1875 1010 accommodandum
1898 986 1940 1009 10

316 1051 382 1085 est
399 1045 472 1099 qui
488 1045 533 1085 in
550 1045 700 1085 odium
717 1044 932 1086 bonorum
951 1050 994 1085 et
1010 1044 1248 1099 proborum
1265 1045 1531 1099 conspirant,
1551 1045 1625 1098 qui
1642 1044 1874 1085 aduersum

314 1120 570 1175 sanguinem
595 1119 897 1160 innocentium
923 1119 1213 1167 conclamant,
1243 1125 1550 1173 praetexentes
1576 1134 1679 1160 sane
1705 1120 1762 1160 ad
1788 1119 1875 1160 odii

314 1195 611 1236 defensionem
642 1194 763 1235 illam
796 1208 971 1248 quoque
1002 1195 1263 1243 uanitatem,
1299 1194 1417 1248 quod
1451 1195 1703 1235 existiment
1734 1194 1875 1235 omnis

314 1271 515 1325 publicae
541 1270 687 1319 cladis,
716 1270 857 1310 omnis
882 1269 1104 1324 popularis
1129 1269 1395 1310 incommodi
1422 1269 1690 1310 Christianos
1715 1284 1805 1311 esse
1830 1270 1874 1310 in

314 1359 504 1387 causam.
567 1345 610 1386 Si
640 1344 804 1386 Tiberis
833 1344 1031 1385 ascendit
1057 1345 1102 1385 in
1130 1344 1315 1393 moenia,
1346 1344 1380 1384 si
1410 1343 1533 1384 Nilus
1562 1359 1649 1384 non
1677 1344 1873 1385 ascendit
1896 1357 1936 1388 15

309 1421 354 1461 in
376 1435 495 1469 arua,
520 1420 553 1461 si
576 1420 744 1460 caelum
766 1419 904 1479 stetit3
929 1419 959 1459 si
985 1424 1101 1460 terra
1123 1419 1276 1467 mouit,
1301 1419 1335 1459 si
1358 1418 1508 1467 fames,
1533 1419 1567 1460 si
1589 1419 1694 1467 lues,
1718 1419 1872 1460 statim

312 1495 581 1537 Christianos
610 1495 666 1535 ad
692 1494 884 1535 leonem!
931 1494 1219 1535 adclamatur.
1282 1494 1447 1534 Tantos
1475 1493 1531 1534 ad
1559 1495 1723 1535 unum?
1788 1494 1873 1535 Oro

313 1585 404 1620 uos,
426 1575 529 1611 ante
550 1569 784 1617 Tiberium,
803 1568 847 1609 id
865 1574 931 1609 est
948 1574 1051 1609 ante
1068 1567 1227 1609 Christi
1245 1568 1501 1617 aduentum,
1521 1573 1714 1622 quantae
1731 1569 1873 1609 clades

313 1647 463 1688 orbem
507 1652 551 1687 et
592 1646 721 1687 urbes
764 1645 1041 1686 ceciderunt?
1105 1645 1308 1701 Legimus
1349 1645 1528 1694 Hieran,
1573 1645 1788 1700 Anaphen
1831 1651 1875 1687 et

312 1725 453 1766 Delon
484 1730 528 1766 et
557 1725 748 1765 Rhodon
779 1730 823 1765 et
852 1724 910 1765 Co
939 1724 1103 1765 insulas
1133 1724 1283 1765 multis
1313 1738 1411 1764 cum
1442 1724 1617 1765 milibus
1647 1724 1874 1766 hominum
1894 1743 1938 1765 20

313 1818 489 1858 pessum
519 1803 672 1844 abisse.
734 1803 951 1843 Memorat
980 1808 1023 1843 et
1052 1802 1179 1843 Plato
1209 1801 1418 1842 maiorem
1447 1802 1576 1842 Asiae
1607 1802 1673 1842 uel
1702 1802 1875 1843 Africae

314 1887 475 1923 terram
521 1882 746 1922 Atlantico
791 1881 899 1922 mari
947 1885 1156 1935 ereptam.
1219 1879 1303 1920 Sed
1349 1885 1393 1920 et
1438 1894 1556 1920 mare
1602 1880 1875 1921 Corinthium

312 1965 453 2000 terrae
488 1964 636 2000 motus
672 1958 821 2008 ebibit,
861 1964 905 2000 et
940 1959 1005 1999 uis
1042 1958 1261 1999 undarum
1297 1957 1537 1998 Lucaniam
1579 1958 1793 1999 abscisam
1830 1959 1874 2000 in

314 2037 484 2078 Siciliae
519 2052 679 2078 nomen
715 2037 938 2092 relegauit.
999 2036 1121 2077 Haec
1163 2036 1315 2091 utique
1356 2052 1444 2077 non
1484 2038 1575 2078 sine
1614 2037 1773 2078 iniuria
1812 2038 1874 2078 in·

315 2115 552 2156 colentium
597 2114 792 2155 accidere
836 2119 1090 2168 potuerunt.
1152 2113 1239 2155 Ubi
1284 2128 1387 2155 uero
1434 2120 1552 2164 tunc,
1599 2129 1687 2155 non
1732 2114 1875 2156 dicam
1895 2131 1938 2163 25

316 2193 497 2234 deorum
524 2198 771 2234 uestrorum
798 2198 1123 2247 contemptores
1149 2192 1396 2242 Christiani,
1424 2193 1499 2234 sed
1524 2193 1606 2247 ipsi
1632 2193 1700 2234 dei
1727 2194 1873 2237 uestri.

317 2286 416 2313 cum
442 2277 589 2313 totum
615 2271 764 2312 orbem
791 2271 1084 2325 cataclysmus
1110 2270 1316 2320 aboleuit,
1344 2271 1425 2320 uel,
1454 2277 1509 2312 ut
1530 2270 1656 2312 Plato
1683 2271 1873 2326 putauit,

318 2355 561 2404 campestre
601 2349 903 2390 solummodo?
967 2348 1232 2389 Posteriores
1273 2349 1387 2389 enim
1428 2348 1522 2390 illos
1562 2349 1683 2390 clade
1723 2349 1876 2390 diluuii

320 2431 628 2467 contestantur
653 2426 772 2480 ipsae
798 2425 926 2466 urbes
951 2426 992 2466 in
1022 2425 1180 2480 quibus
1205 2426 1298 2467 nati
1324 2426 1573 2480 mortuique
1598 2431 1714 2476 sunt,
1743 2427 1874 2468 etiam

322 2519 431 2558 quas
458 2502 771 2552 condiderunt3
815 2517 956 2557 neque
983 2503 1097 2543 enim
1124 2503 1231 2544 alias
1257 2503 1514 2544 hodiernum
1542 2509 1770 2545 manerent
1794 2505 1876 2545 nisi
1895 2521 1940 2554 30
1966 2487 1975 2545 .'÷

322 2588 366 2623 et
382 2582 502 2636 ipsae
520 2581 783 2636 posthumae
802 2580 936 2621 cladis
954 2581 1079 2622 illius.
1140 2580 1348 2622 Nondum
1368 2581 1581 2622 Iudaeum
1600 2580 1655 2622 ab
1674 2582 1876 2643 Aegypto

322 2674 505 2700 examen
534 2659 783 2700 Palaestina
811 2663 1063 2713 susceperat
1089 2673 1168 2699 nec
1195 2659 1281 2699 iam
1314 2659 1399 2700 illic
1431 2659 1702 2700 Christianae
1732 2665 1876 2701 sectae

321 2738 439 2793 origo
461 2738 729 2788 consederat,
753 2752 853 2778 cum
874 2738 1069 2792 regiones
1089 2737 1254 2779 adfines
1276 2738 1367 2779 eius
1388 2738 1577 2779 Sodoma
1599 2743 1644 2779 et
1664 2738 1876 2779 Gomorra

318 2815 470 2870 igneus
505 2814 644 2856 imber
680 2815 857 2856 exussit.
921 2814 1021 2856 Olet
1055 2815 1199 2856 adhuc
1234 2814 1433 2856 incendio
1471 2820 1599 2866 terra,
1638 2820 1682 2856 et
1717 2815 1752 2856 si
1788 2829 1875 2870 qua
