1975 3306
280 165 361 206 218
855 165 1262 207 TERTVLLIANI
1525 167 1584 223 [p.
1610 169 1661 209 38
1683 166 1711 210 1.
1737 169 1846 209 30--

369 297 408 338 p.
431 284 486 323 38
511 282 535 323 l.
558 284 614 324 30
637 293 962 324 DIVINITATEM.
1016 298 1105 339 cap.
1132 284 1186 324 22
1210 283 1234 325 f.
1258 298 1297 339 p.
1323 282 1376 325 76
1400 283 1423 325 l.
1449 285 1515 326 33.

368 367 408 408 p.
431 354 488 394 40
511 352 534 393 l.
559 355 586 394 4
608 364 704 394 NISI
728 364 768 394 SI
791 369 822 396 c.
849 354 872 395 7
897 369 934 410 p.
960 355 1013 396 26
1038 354 1061 396 l.
1086 355 1122 396 9.

370 438 409 479 p.
432 425 489 465 40
511 423 535 464 1.
560 424 584 464 6
608 435 669 464 VT
690 435 908 465 ALICVIVS
931 435 1081 465 OPERA
1105 435 1362 466 INDIGERET
1383 425 1431 466 ef.
1455 424 1665 479 ἁνενδεής.

370 508 408 548 p.
432 494 489 534 40
518 492 542 535 1.
573 495 599 534 8
631 504 787 534 TOTVM
819 499 899 535 ceb.
923 493 1084 535 Arnob.
1119 505 1134 534 Ι
1167 495 1223 535 30
1249 494 1410 549 Apollo
1440 494 1556 536 uobis
1582 494 1712 550 pluit,
1735 493 1850 535 Mer-

241 579 261 610 5
283 563 428 604 curius
456 562 574 604 uobis
596 563 725 619 pluit,
763 564 1063 619 Aesculapius,
1098 564 1308 606 Hercules
1340 571 1415 606 aut
1447 565 1597 606 Diana
1639 564 1847 606 rationem

281 633 486 675 imbrium
518 639 893 689 tempestatumque
915 634 1171 690 fiuoeerunt?
1202 640 1240 676 et
1270 634 1345 676 lzoc
1367 635 1475 690 fieri
1496 635 1570 690 qui
1588 640 1731 689 potest,
1756 649 1851 676 cum

282 705 329 745 in
360 703 517 745 mundo
542 704 840 760 profiteamini
871 719 939 746 eos
967 710 1090 746 natos
1121 710 1312 760 certoque
1340 710 1524 759 tempore
1545 719 1714 746 sensum
1735 703 1852 745 arri-

277 756 425 830 puisse
446 774 655 815 m‘talem?
704 774 743 816 si
774 773 887 816 enim
919 773 1120 829 temporis
1152 774 1407 829 antiquitate
1437 774 1623 816 muudus
1647 789 1714 816 eos
1736 779 1853 816 aute-

287 844 410 894 ueuit,
426 850 462 886 et
478 844 743 900 priusquam
760 844 854 885 uati
874 850 982 893 sunt,
1004 845 1095 885 iam
1114 850 1292 886 nouerat
1307 845 1491 900 pluuias
1512 850 1853 900 tempestatesque

222 933 265 955 10
286 920 456 963 natura,
478 914 647 955 nullum
667 915 805 956 serius
829 914 921 956 nati
947 914 1124 969 pluendi
1145 915 1214 955 ius
1244 914 1406 965 liabent,
1428 930 1558 971 neque
1580 916 1639 958 eis
1669 915 1856 957 inserere

285 984 524 1026 rationibus
556 1000 599 1026 se
636 990 823 1040 possunt,
852 999 958 1040 quas
999 985 1254 1027 inuenerunt
1295 985 1363 1027 liic
1404 986 1478 1041 ayi
1519 991 1556 1028 et
1596 986 1761 1027 maiore
1803 985 1855 1026 ab

286 1060 457 1096 auctore
493 1054 686 1096 tractari.
750 1053 976 1110 Theophil.
1010 1065 1045 1095 ΙΙ
1078 1056 1105 1095 4
1137 1070 1176 1111 p.
1210 1057 1292 1097 820.
1355 1055 1513 1098 Iustin.
1552 1071 1584 1098 c.
1622 1054 1782 1111 Tryph.
1818 1057 1853 1096 5.

287 1124 399 1167 Iren.
433 1124 501 1167 Fr.
536 1127 591 1166 :34
623 1130 659 1178 (Ι
693 1127 778 1166 845
812 1125 908 1177 SR).

375 1210 413 1251 p.
437 1197 494 1237 40
516 1195 540 1237 l.
566 1197 590 1237 9
614 1206 854 1237 INNATVM:
886 1206 1090 1237 INNATVS
1120 1195 1206 1237 and
1229 1207 1456 1238 INFECTVS
1478 1197 1543 1239 six
1566 1212 1658 1239 exx.
1683 1197 1730 1238 of
1750 1195 1855 1238 each

225 1283 266 1315 15
288 1265 334 1307 in
365 1266 478 1308 Adu.
512 1266 642 1308 Marc.
677 1278 692 1307 Ι
727 1269 792 1309 15.
857 1266 941 1307 For
968 1266 1142 1308 innatus
1174 1266 1407 1324 especially
1438 1268 1487 1310 cf.
1521 1282 1552 1310 c.
1587 1266 1654 1316 47,
1687 1282 1725 1323 p.
1761 1268 1856 1316 132,

288 1337 312 1379 1.
338 1338 392 1378 28
415 1351 454 1378 n.

377 1417 617 1448 INFECTVM
649 1406 895 1449 ἀτέλεστον
917 1407 970 1463 gl.
997 1407 1164 1450 Paulin.
1189 1407 1286 1450 Nol.
1312 1408 1388 1464 Ep.
1414 1410 1469 1450 24
1491 1406 1510 1465 g
1532 1410 1559 1449 4
1581 1423 1641 1464 pr.

377 1491 416 1532 p.
450 1477 506 1517 40
538 1477 562 1518 1.
598 1479 653 1518 10
691 1487 1011 1517 PYTHAGORAM
1045 1476 1273 1533 Theophil.
1308 1489 1360 1518 111
1396 1477 1418 1519 7
1453 1493 1490 1534 p.
1528 1480 1631 1518 121ἃ
1662 1477 1731 1532 (cf.
1765 1477 1860 1531 ἰοῦ)

291 1544 562 1603 Πυθαγόρας
586 1544 642 1596 δέ,
666 1549 868 1588 τοσαῦτα
896 1546 1136 1602 μοχθήσας
1158 1548 1262 1604 περὶ
1293 1547 1402 1589 θεῶν
1426 1548 1498 1591 καὶ
1522 1546 1603 1601 τὴν
1625 1547 1714 1590 ἄνω
1738 1548 1859 1590 κάτω

226 1637 271 1659 20
292 1615 476 1674 πορείαν
505 1617 820 1670 ποιησάμενος,
850 1616 1050 1674 ἔσχατον
1080 1615 1210 1673 ὁρίζει
1245 1617 1385 1673 φύσιν
1414 1618 1490 1660 καὶ
1519 1617 1860 1672 αὐτοματισμὸν

292 1685 404 1729 εἶναί
436 1691 576 1741 φησιν
608 1689 696 1729 τῶν
730 1686 928 1729 πάντων·
970 1685 1097 1731 θεοὺς
1135 1687 1386 1740 ἀνθρώπων
1421 1688 1557 1742 μηδὲν
1596 1689 1859 1745 φροντίζειν.

292 1756 350 1799 So
380 1757 626 1799 Theodoret
658 1757 805 1799 Graec.
833 1757 917 1799 Aff.
950 1756 1050 1800 Cur.
1082 1769 1131 1798 VI
1158 1756 1178 1814 ξ
1209 1760 1261 1799 13
1292 1773 1330 1814 p.
1361 1758 1414 1800 87
1444 1758 1467 1800 l.
1498 1760 1562 1799 18.
1627 1758 1670 1800 P.
1701 1759 1862 1815 taught

292 1827 509 1884 necessity
532 1828 721 1869 Lasaulx
745 1827 934 1870 Studien
959 1843 997 1884 p.
1023 1830 1078 1869 24
1099 1843 1139 1870 n.
1202 1828 1450 1870 Theodoreb
1480 1828 1628 1871 Graec.
1653 1829 1735 1871 Aff.
1760 1828 1860 1871 Cur.

294 1910 342 1939 IV
371 1913 409 1954 p.
438 1897 491 1939 57
522 1898 634 1939 4-7
665 1897 715 1940 τὸ
745 1897 949 1940 πᾶν...οὐ
977 1896 1199 1951 Γγεννητόν,
1223 1897 1327 1940 ἀλλ’
1355 1897 1495 1940 ἀΐδιον
1516 1898 1862 1954 (Xenophanes).

231 1987 272 2018 25
295 1968 576 2010 Parmenides
598 1968 653 2010 ib.
678 1969 701 2010 l.
727 1971 780 2009 24
805 1968 939 2010 οὖλον
960 1968 1220 2023 μουνονγενές
1242 1986 1290 2010 τε
1312 1968 1386 2011 καὶ
1410 1968 1595 2023 ἀτρεμὲς
1617 1967 1683 2021 ἠδ’
1707 1967 1863 2023 ἀγένη-

295 2056 381 2080 τον.
444 2038 604 2080 Arnob.
639 2049 673 2078 ΙΙ
709 2039 762 2079 56
795 2037 1005 2079 muudum
1044 2038 1223 2093 quidam
1259 2053 1308 2079 eat
1343 2037 1604 2093 sapientibus
1636 2038 1865 2080 aestimant

298 2123 426 2164 neque
447 2124 532 2150 esse
552 2114 703 2150 uatum
725 2123 855 2163 neque
877 2109 966 2149 ullo
995 2123 1080 2150 esse
1105 2108 1152 2149 in
1180 2114 1364 2163 tempore
1387 2108 1636 2163 periturum
1645 2123 1659 2158 ;
1687 2109 1863 2149 immor-

296 2180 426 2222 talem
446 2180 654 2229 nonnulli,
678 2180 876 2235 quamuis
897 2195 992 2221 eum
1021 2178 1283 2221 conscribant
1308 2194 1394 2221 esse
1421 2185 1571 2220 uatum
1592 2184 1630 2221 et
1653 2179 1865 2234 genitium

296 2251 434 2294 tertiis
455 2266 555 2292 uero
578 2250 810 2293 collibitum
832 2251 969 2293 dicere
991 2256 1061 2300 est,
1083 2256 1120 2292 et
1142 2265 1226 2292 esse
1247 2255 1397 2291 uatum
1419 2255 1457 2292 et
1478 2250 1670 2305 9euitum
1690 2255 1728 2291 et
1750 2249 1866 2291 orsli-

233 2340 277 2372 30
299 2323 427 2363 naria
444 2322 685 2364 necessitate
704 2322 958 2377 periturum.
1012 2320 1099 2362 Cic.
1119 2321 1242 2361 Tusa.
1261 2319 1381 2375 Disp.
1401 2331 1416 2360 Ι
1438 2317 1458 2376 ἓ
1481 2318 1535 2360 70
1556 2319 1655 2361 liaeo
1677 2319 1813 2374 iyitur
1829 2325 1868 2361 et

299 2393 392 2433 alia
423 2391 759 2434 iunumerabilia
792 2407 887 2433 cum
910 2391 1131 2440 cernimus,
1154 2405 1433 2445 possumusne
1463 2389 1659 2431 dubitare
1685 2389 1784 2444 quin
1809 2390 1868 2431 eis

296 2463 459 2518 praesit
491 2462 648 2517 aliquis
680 2462 747 2503 uel
779 2462 955 2517 effector,
976 2461 1015 2503 si
1041 2461 1141 2503 haec
1163 2466 1266 2502 nata
1287 2465 1396 2508 sunt,
1418 2465 1464 2500 ut
1485 2459 1664 2501 Platoni
1688 2459 1867 2508 uidetur,

304 2532 366 2574 uel
388 2532 426 2573 si
447 2547 612 2586 semper
621 2531 817 2587 fuerunt,
840 2537 885 2573 ut
906 2531 1135 2572 Aristoteli
1160 2531 1309 2586 placet,
1333 2529 1575 2571 moderator
1596 2530 1708 2571 tanti
1729 2530 1869 2585 operis

299 2607 337 2643 et
361 2602 577 2643 muueris?

237 2687 279 2718 35
390 2686 427 2726 p.
453 2673 508 2712 40
534 2671 574 2712 ll.
601 2673 768 2711 13—21
796 2686 907 2712 omn.
931 2670 1092 2712 Arnob.
1117 2682 1131 2711 Ι
1155 2672 1221 2712 30.

390 2757 427 2797 p.
453 2744 506 2782 40
531 2741 554 2782 1.
580 2744 632 2782 15
657 2752 790 2782 CERTI
809 2752 969 2782 RVISSE
991 2756 1023 2783 c.
1048 2742 1072 2782 9
1096 2756 1135 2797 p.
1159 2742 1214 2782 34
1237 2740 1260 2782 1.
1285 2742 1322 2781 5.
1345 2755 1376 2782 c.
1403 2741 1455 2780 12
1479 2738 1503 2781 f.

391 2826 429 2866 p.
474 2812 529 2851 40
572 2811 595 2852 l.
641 2812 693 2852 16
743 2821 991 2851 FLORVISSE
1034 2810 1100 2851 De
1144 2809 1333 2850 Patienn.
1380 2811 1403 2849 2
1446 2808 1520 2863 (lui
1556 2808 1714 2863 florem
1760 2808 1870 2850 lucis

305 2881 430 2922 huius
461 2895 589 2935 super
621 2880 752 2922 iustos
783 2886 820 2922 et
851 2880 1031 2921 iniustos
1073 2879 1311 2934 aequaliter
1350 2879 1528 2934 sparyit.
1592 2877 1705 2920 Adu.
1738 2878 1870 2919 Marc.
