1975 3306
103 143 146 184 p.
171 128 224 169 72
247 127 273 168 l.
300 127 374 179 26]
616 122 1061 166 APOLOGETICVS
1094 123 1144 163 21
1583 122 1667 162 303

104 242 240 291 Plato,
268 242 363 282 who
392 246 505 282 went]
537 240 583 282 in
614 247 743 297 quest]
776 240 823 281 of
848 238 1032 295 religion
1065 244 1111 280 ‘co
1144 238 1220 280 bhe
1250 235 1507 293 Egypnians,
1536 234 1668 291 Magi,

102 311 189 353 and
213 311 424 360 Persians,
438 311 513 353 did
535 317 612 353 not
635 311 739 352 seek
761 310 797 352 it]
819 324 979 365 among
1001 308 1077 351 the
1100 308 1229 356 Jews,
1248 307 1302 348 he
1325 321 1422 362 says
1445 306 1515 359 (IV
1540 307 1563 346 2
1586 303 1669 361 ξ5)

101 382 175 424 secl
212 397 385 424 auersos
421 397 505 423 esse
542 381 732 423 arbitror
767 380 923 422 diuina
958 377 1246 435 prouidentia,
1282 392 1333 419 ne
1363 377 1471 419 scire
1499 380 1670 431 possent

101 453 339 500 ueritatem,
362 452 464 507 quia
487 451 673 493 nondum
684 450 766 507 fas
783 455 875 492 erat
897 448 1151 504 alieniyenis
1165 446 1403 489 hominibus
1419 446 1667 501 reli9ionem

101 523 173 565 dei
198 523 288 564 ueri
308 523 601 577 iustitiamque
629 526 841 563 notescere.
905 519 1059 563 Celsus
1081 518 1127 560 in
1150 517 1269 574 Orig.
1294 529 1330 558 ΙΙ
1356 516 1411 559 78
1433 531 1494 572 pr.
1518 515 1668 556 makes
1688 530 1708 563 5

104 592 179 634 the
202 592 297 634 Jew
319 591 421 633 ask:
454 590 503 645 ίἢ
534 590 609 633 ἐπὶ
639 589 783 646 τούτῳ
815 589 1044 642 κατῆλθεν,
1071 586 1123 631 ἵν’
1155 586 1524 638 ἀπιστήσωμεν;’
1558 583 1670 641 πρὸς*

102 661 153 705 ὃν
194 662 439 715 λελέξεται,
477 661 555 703 οὐκ
599 660 673 703 ἐπὶ
717 659 858 715 τούτῳ
900 657 979 712 μὲν
1020 657 1169 710 ἦλθεν,
1206 656 1255 699 ἵν’
1299 656 1548 714 ἐργάσηται
1591 654 1670 707 τὴν

106 732 325 775 ἀπιστίαν
347 731 599 776 Ἰουδαιόις’
631 729 985 785 προγιγνώσκων
1010 727 1043 771 δ’
1068 727 1207 781 αὐτὴν
1230 726 1445 781 ἐσομένην
1468 728 1669 783 προεῖπε.

193 818 233 860 p.
258 802 311 844 72
339 803 363 844 l.
389 804 443 844 23
474 801 601 858 Cypr.
627 801 693 842 De
721 800 877 841 Idolor.
901 799 1009 841 Van.
1035 798 1058 840 7
1082 797 1101 855 ξ
1124 801 1148 841 5
1177 799 1235 840 ad
1262 798 1352 841 dies
1378 797 1671 854 quadrayinta

102 879 343 916 remoratus
371 879 441 922 est,
469 878 515 914 'ut
546 872 597 914 de
628 887 673 913 eo
705 871 763 913 ad
791 876 1022 926 praecepta
1053 869 1211 911 ‘uitalia
1242 868 1403 910 instrui
1432 873 1607 923 possent,
1635 872 1672 909 et
1692 884 1734 906 10

104 944 315 986 discerent
345 958 451 998 quae
483 942 683 984 docerent.

194 1029 233 1070 p.
259 1013 311 1055 72
335 1014 359 1055 l.
384 1015 439 1054 24
463 1012 588 1068 Kaye
611 1014 694 1054 331
722 1014 758 1053 1.
802 1013 885 1052 215
910 1026 949 1051 11.
975 1011 1011 1052 2.

196 1095 492 1126 CIRCVMFVSA
530 1081 659 1138 Cypr.
698 1081 765 1123 De
802 1081 910 1123 Idol.
949 1081 1058 1122 Van.
1100 1079 1122 1121 7
1167 1078 1186 1136 ᾖ
1222 1081 1246 1121 6
1285 1085 1382 1121 tunc
1418 1079 1464 1120 in
1506 1079 1672 1121 caelum

105 1153 371 1210 circumfusa
411 1153 516 1194 nube
557 1152 749 1194 sublatus
790 1140 859 1194 est.
921 1151 1039 1192 Laeta.
1083 1150 1184 1192 Diu.
1227 1149 1358 1191 Insth.
1399 1161 1449 1190 IV
1493 1151 1545 1190 21
1589 1147 1608 1206 ξ
1646 1151 1668 1190 1

108 1224 306 1266 ordinato
338 1238 438 1265 uero
470 1222 697 1277 discipulis
728 1222 818 1263 suis
849 1221 1069 1277 euanyelio
1102 1235 1152 1262 ac
1182 1220 1367 1262 nominis
1397 1220 1468 1261 sui
1490 1219 1671 1275 praedi-
1693 1231 1734 1263 15

108 1293 270 1335 catione
301 1292 581 1347 circumfudit
605 1306 647 1333 se
675 1297 843 1348 repente
867 1291 994 1333 nubes
1025 1306 1198 1346 eumque
1229 1293 1274 1332 in
1305 1289 1472 1332 caelum
1499 1290 1672 1332 sustulit

105 1362 435 1418 quadrayesimo
467 1367 558 1417 post
582 1362 828 1417 passionem
859 1361 938 1403 die.

197 1447 237 1488 p.
271 1431 324 1473 72
362 1432 386 1472 l.
422 1434 475 1472 25
508 1431 624 1473 Ter‘c.
663 1431 730 1472 De
765 1430 961 1487 Spectac.
1000 1432 1055 1472 30
1093 1445 1132 1487 p.
1173 1432 1227 1472 20
1270 1430 1294 1471 l.
1335 1432 1390 1471 20
1432 1428 1560 1471 Wiss.
1601 1429 1675 1471 ubi

104 1501 335 1557 yaudeam,
356 1501 428 1543 ubi
459 1501 673 1550 eoesultem,
703 1506 761 1543 tot
785 1506 978 1556 spectans
1006 1515 1132 1555 reyes,
1162 1500 1235 1555 qui
1261 1500 1306 1540 in
1333 1499 1499 1541 caelum
1518 1499 1676 1555 recepti

108 1572 433 1621 nuntiabantur,
451 1587 546 1614 cum
569 1571 677 1613 Ioue
703 1571 796 1626 ipso
818 1576 856 1613 et
877 1571 984 1626 ipsis
1004 1571 1094 1612 suis
1116 1570 1286 1612 testibus
1307 1570 1354 1611 in
1374 1569 1476 1611 imis
1498 1569 1676 1611 tenebris
1694 1584 1738 1606 20

109 1644 486 1698 conyemescentes?
553 1641 734 1684 Suebon.
768 1641 883 1698 Aug.
917 1643 1001 1683 1100
1043 1656 1115 1683 nec
1148 1640 1286 1697 defuit
1316 1640 1389 1681 uir
1414 1640 1673 1695 praetorius,

108 1712 184 1768 (μα’
212 1727 254 1754 36
287 1712 464 1768 effigyiem
497 1712 676 1754 cremati
705 1717 868 1753 euntem
902 1712 949 1752 in
982 1712 1149 1753 caelum
1180 1710 1342 1752 uidisse
1366 1710 1544 1752 iuraret.
1606 1708 1672 1752 Cf.

55 1802 60 1808 ·
113 1781 166 1823 D.
185 1780 302 1824 Cass.
321 1793 396 1822 LVI
417 1783 471 1823 46
494 1779 553 1837 §2
582 1780 844 1834 (Numerius
866 1780 1055 1822 Atticus.
1106 1780 1191 1821 Dio
1214 1780 1346 1821 refers
1367 1785 1413 1821 to
1436 1778 1674 1833 Proculus).

112 1851 268 1892 Liuius
298 1851 540 1899 Geminius,
562 1867 587 1892 a
616 1857 802 1900 senator,
827 1866 961 1892 swore
993 1851 1070 1893 ‘ohe
1096 1866 1214 1892 same
1241 1850 1344 1892 oabh
1374 1865 1420 1892 as
1449 1865 1475 1891 a
1499 1849 1676 1891 witness

110 1921 160 1962 of
181 1920 408 1962 Drusilla’s
432 1920 656 1962 ascension
688 1921 794 1975 (A.D.
825 1921 900 1974 38)
931 1919 1016 1961 Dio
1049 1931 1129 1961 LIX
1161 1922 1211 1960 11
1243 1918 1262 1977 ἓ
1293 1921 1331 1961 4.
1384 1919 1484 1961 Sen.
1507 1918 1675 1975 Apoco-
1695 1930 1737 1962 25

113 1992 272 2047 locynt.
308 1994 330 2032 1
369 1989 389 2048 ἓ
422 1993 446 2032 2
483 1991 728 2045 (Drusilla).
791 1990 861 2033 On
903 1990 979 2032 the
1022 1991 1144 2047 eagle
1186 1990 1233 2031 in
1274 1988 1591 2031 consecrations
1625 1989 1675 2031 cf.

114 2060 378 2102 Artemidor.
411 2072 446 2101 ΙΙ
481 2062 547 2102 20.

202 2145 242 2186 p.
266 2129 319 2171 72
343 2130 368 2170 l.
392 2131 445 2171 26
474 2141 671 2171 PROCVLI
703 2129 758 2171 ad
790 2136 878 2171 nab.
909 2141 943 2170 11
976 2128 999 2171 7
1030 2143 1069 2185 Ρ.
1095 2130 1177 2170 106
1208 2128 1232 2170 l.
1258 2128 1308 2170 17
1342 2127 1468 2170 Wiss.
1490 2127 1676 2170 inrideri

107 2201 362 2256 peierantes.
424 2200 537 2256 Aug.
570 2199 638 2241 De
671 2199 768 2242 Ciu.
801 2199 884 2241 Dei
923 2211 978 2241 ΙΙΙ
1016 2201 1070 2241 15
1109 2199 1292 2240 Haverc.
1355 2198 1516 2239 Arnob.
1556 2210 1570 2239 Ι
1608 2200 1675 2240 41.

116 2269 315 2311 Lactanb.
358 2281 374 2310 Ι
413 2272 466 2311 15
504 2268 523 2325 ξ
559 2271 626 2311 32.
695 2269 753 2311 So
787 2269 1036 2326 respecting
1072 2268 1147 2310 ‘ohe
1186 2267 1341 2309 visible
1377 2267 1601 2309 ascension
1635 2268 1682 2309 of
1695 2289 1738 2320 30

117 2353 334 2394 emperors
357 2338 516 2380 Tabian
535 2341 589 2380 10
611 2353 650 2394 Ρ.
672 2337 787 2380 149⁶.
840 2338 1001 2383 Minue.
1021 2340 1072 2379 21
1097 2336 1117 2394 ξ
1139 2340 1163 2380 9
1186 2338 1243 2392 (=
1260 2336 1388 2393 Cypr.
1412 2336 1539 2389 Quod
1561 2337 1677 2379 idola

117 2408 163 2449 di
194 2424 280 2449 non
312 2409 401 2450 sint]
433 2410 460 2449 4
493 2424 533 2465 p.
564 2411 616 2449 21
652 2410 699 2462 6)
729 2409 815 2450 nisi
833 2409 954 2464 forte
979 2414 1076 2464 post
1107 2414 1284 2450 mortem
1315 2407 1413 2448 deos
1434 2407 1609 2462 finyitis
1640 2414 1678 2449 et

108 2479 359 2533 perierante
379 2478 564 2519 Proculo
586 2478 688 2519 deus
707 2477 926 2519 Romulus.
979 2476 1074 2518 Liu.
1093 2488 1109 2517 Ι
1129 2478 1194 2518 16.
1243 2476 1356 2517 Plut.
1376 2476 1588 2518 Romulus
1609 2478 1678 2518 28.

119 2547 276 2589 Ius‘oin.
299 2547 424 2603 Apol.
451 2559 468 2588 Ι
491 2549 558 2588 21.
619 2547 744 2603 Apol.
767 2558 802 2587 ΙΙ
824 2562 855 2588 c.
881 2549 935 2588 14
957 2561 995 2602 p.
1020 2548 1085 2587 52.
1148 2545 1263 2586 Terb.
1292 2545 1406 2586 Adu.
1428 2545 1558 2587 Marc.
1580 2557 1630 2586 IV
1654 2545 1676 2586 7

118 2632 158 2673 p.
181 2619 267 2658 434
294 2617 318 2658 l.
349 2620 373 2659 5
406 2617 481 2658 Kr.
508 2617 735 2671 indiynum
764 2617 950 2672 denique,
976 2622 1023 2658 ut
1049 2616 1261 2657 Romulus
1288 2614 1458 2671 qicidem
1486 2630 1681 2657 ascensus
1699 2632 1742 2665 35

120 2687 190 2728 sui
219 2687 267 2727 in
298 2687 460 2729 caelum
496 2686 690 2729 habuerit
721 2687 958 2729 Proculum
989 2686 1320 2741 adfirmatorem.
1384 2685 1632 2741 Schwegler
1664 2697 1680 2726 Ι

118 2769 160 2810 p.
185 2754 316 2796 5201.
340 2756 376 2796 9.
421 2756 501 2796 531
527 2755 551 2796 l.
578 2756 631 2795 10
653 2755 758 2797 A.V.
809 2754 977 2796 Pilatus
1006 2770 1038 2796 c.
1070 2757 1094 2796 5
1124 2769 1164 2810 p.
1193 2756 1247 2794 18
1277 2754 1301 2795 l.
1334 2755 1386 2795 26
1406 2768 1444 2794 n.
1475 2753 1591 2795 cited
1623 2753 1682 2809 by

88 2818 90 2820 ’
122 2824 278 2866 lustin.
302 2825 425 2881 Apol.
458 2837 473 2865 Ι
504 2827 570 2866 35.
603 2827 659 2866 48
691 2840 760 2881 pp.
792 2824 845 2867 76
868 2840 901 2867 c.
932 2826 988 2866 84
1010 2840 1042 2866 c.
1105 2824 1174 2866 On
1206 2823 1282 2865 the
1314 2823 1422 2865 Acts
1453 2823 1500 2865 of
1530 2822 1681 2872 Pilate,
