1975 3306
112 207 153 250 p.
184 194 314 237 1281.
344 195 414 247 15]
630 194 1074 238 APOLOGETIOVS
1107 197 1161 237 46
1591 198 1675 239 435

203 320 600 351 PRONVNTIANTVR
623 311 669 352 of
686 311 761 353 the
778 311 952 367 judge's
975 318 1191 354 sentence.
1234 311 1364 367 Apul.
1381 311 1630 354 Meta1n.111
1650 315 1671 353 1

112 379 382 421 innocentem.
447 378 529 434 [Cf.
556 380 702 437 Sbudy
723 381 770 423 of
787 381 1122 430 Ambrosias‘oen
1144 397 1183 438 p.
1209 382 1303 424 178.
1366 382 1417 424 A.
1436 382 1495 437 S.]

199 464 237 505 p.
275 452 357 491 128
391 451 414 492 l.
452 454 501 491 11
544 463 823 493 PHILOSOPHI
860 463 957 493 NON
993 463 1265 494 CHRISTIANI
1320 452 1390 495 On
1428 452 1504 495 the
1538 453 1674 495 moral

113 519 360 576 impotence
398 521 446 562 of
476 521 737 578 philosophy
769 522 866 564 qu.
901 524 940 565 2.
1013 522 1212 564 Laetam.
1245 534 1299 564 ΙΙΙ
1334 525 1401 564 15.
1473 523 1576 565 Sen.
1607 524 1674 565 De

114 590 221 632 Vita
254 591 392 633 Beata
427 594 490 633 18.
555 592 841 634 Friedlander
873 605 927 634 ΙΙΙ
963 596 1060 636 568.
1695 610 1715 642 5

172 661 174 663 ’
200 675 241 716 p.
267 663 350 702 128
384 662 409 702 l.
434 663 487 703 13
520 666 715 711 QVIDNI?
757 663 822 704 ie.
844 663 997 718 quidni
1028 678 1109 705 non
1130 663 1291 719 fuyat?
1322 664 1421 720 why
1452 664 1609 706 should
1638 664 1674 706 113

112 738 190 772 not
225 731 299 772 fail
337 737 382 773 130
420 733 545 788 expel
581 733 735 774 them?
798 733 964 774 Herald
997 733 1038 774 h.
1060 734 1086 774 l.
1147 749 1181 775 c.
1214 736 1268 775 22
1301 750 1364 790 pr.
1394 749 1435 791 p.
1465 734 1520 776 74
1552 735 1576 777 l.
1608 737 1676 777 31.

113 800 246 857 Apul.
268 800 448 843 Metam.
472 813 522 842 XI
551 804 604 844 26
628 802 699 844 fin.
724 805 778 843 28
800 803 873 844 fin.
897 805 966 845 30.
1027 803 1097 845 LS
1126 804 1221 859 quis
1251 807 1272 845 1
1305 816 1340 845 Π
1364 805 1400 846 Β
1423 806 1449 846 3
1478 820 1554 861 say
1575 805 1675 847 that

113 871 267 927 quidni
292 887 375 913 non-
403 872 449 913 in
473 871 574 914 Son.
597 888 664 929 ep.
687 875 741 914 52
763 871 783 930 ξ
806 876 859 914 1Ο
883 872 919 914 is
949 873 1211 929 pleonastic:
1252 875 1442 931 wrongly
1464 875 1675 932 (Madvig,

113 942 226 984 Adu.
250 954 285 983 11
309 942 393 985 379
416 944 515 985 409.
577 943 679 985 Sen.
700 943 767 984 De
791 943 920 984 Breu.
942 942 1032 984 Vit.
1056 943 1079 984 7
1102 941 1121 1000 ξ
1144 945 1181 985 7.
1204 959 1271 1000 ep.
1294 946 1318 986 6
1341 943 1360 1001 ξ
1383 947 1421 986 3.
1446 947 1499 986 52
1521 943 1541 1002 ξ
1564 947 1650 1000 10).
1696 964 1740 986 10

202 1024 457 1054 SECVNDVM
490 1025 607 1055 DEOS
639 1028 755 1069 supr.
783 1028 818 1054 c.
851 1015 906 1054 24
938 1013 998 1055 sic
1023 1013 1221 1069 plerique
1252 1014 1482 1070 disponunt
1514 1015 1673 1056 diuini-

114 1088 255 1131 tatem,
282 1089 329 1124 ut
359 1084 591 1139 imperium
622 1098 814 1125 summae
839 1080 1064 1137 potestatis
1094 1098 1179 1125 esse
1204 1099 1334 1139 penes
1364 1100 1508 1134 unum,
1538 1085 1675 1140 officia

113 1153 205 1194 eius
220 1168 348 1208 penes
369 1153 525 1195 multos
546 1152 680 1195 uelint
686 1168 702 1204 ;
734 1159 781 1194 ut
796 1152 927 1194 Plato
948 1153 1101 1195 Iouem
1117 1168 1323 1208 maynum
1343 1154 1390 1195 in
1411 1155 1524 1197 caelo
1547 1155 1674 1197 comi-

112 1228 252 1265 tatum
275 1224 456 1266 exercitu
480 1223 677 1265 describit
698 1223 874 1265 deorum
898 1223 1071 1278 pariter
1092 1229 1130 1264 et
1152 1223 1416 1266 daemonum.
1439 1224 1506 1265 De
1528 1224 1676 1266 Anim.

118 1295 137 1332 1
164 1292 352 1347 (below).
1696 1312 1739 1344 15

204 1378 242 1419 p.
268 1365 351 1404 128
374 1363 398 1404 1.
425 1364 479 1403 14
503 1374 543 1404 SI
566 1373 854 1404 DAEMONIVM
884 1373 1146 1403 PERMITTAT
1177 1362 1354 1404 Herald.
1377 1362 1492 1404 Adu.
1514 1375 1549 1404 Π
1573 1365 1597 1405 5
1620 1379 1675 1405 on

113 1431 167 1485 ἣν
200 1431 296 1478 θεὸς
335 1432 456 1487 θέλῃ,
496 1432 605 1475 θεῶν
643 1432 698 1474 τὰ
738 1431 814 1473 ἴσα
853 1431 1084 1484 νεμόντων,
1123 1430 1207 1474 σὺν
1246 1431 1356 1474 θεῶν
1394 1431 1529 1482 δόσει,
1560 1434 1599 1474 si
1630 1433 1677 1475 di

115 1503 275 1553 uolunt,
306 1504 345 1544 si
381 1503 449 1544 dis
479 1504 634 1559 placet,
667 1503 734 1544 De
771 1502 916 1545 Anim.
952 1501 1003 1543 57
1038 1517 1078 1558 p.
1110 1504 1194 1544 392
1232 1502 1260 1544 l.
1292 1504 1318 1543 4
1352 1502 1478 1544 Wiss.
1506 1518 1609 1544 nam
1640 1509 1678 1545 et

112 1575 399 1629 suyyessimus
419 1574 590 1615 nullum
605 1588 742 1629 paene
763 1573 973 1615 hominem
997 1587 1141 1615 carere
1158 1572 1391 1614 daemonio.
1437 1573 1561 1629 Kaye
1581 1575 1675 1615 205.

204 1655 492 1685 DAEMONIVM
521 1658 639 1699 supr.
668 1658 702 1686 0.
731 1645 784 1684 22
808 1658 870 1699 pr.
931 1644 982 1685 cf.
1006 1644 1194 1684 Hermas
1224 1646 1248 1683 2
1279 1643 1425 1684 Mand.
1456 1646 1478 1685 6
1510 1645 1548 1684 2.
1609 1643 1675 1685 De
1696 1661 1742 1683 20

116 1714 278 1755 Anima
314 1718 335 1755 1
372 1729 401 1770 p
437 1716 519 1756 299
550 1714 577 1755 1.
606 1716 660 1754 22
684 1713 811 1755 Wiss.
842 1713 993 1765 (much
1026 1713 1161 1754 about
1193 1713 1329 1765 Socr.)
1350 1728 1452 1754 sane
1483 1713 1677 1755 Socrates

102 1785 292 1841 facilius
321 1785 491 1827 diuerso
523 1785 683 1840 spiritu
719 1784 934 1840 ayebatur.
996 1784 1208 1839 siquidem
1246 1785 1369 1825 aiunt
1405 1784 1678 1825 daemonium

115 1855 188 1897 illi
228 1871 256 1897 a
293 1870 428 1910 puero
476 1855 729 1905 adhaesisse,
767 1855 1005 1910 pessimum
1037 1869 1083 1896 re
1121 1869 1226 1896 uera
1256 1854 1568 1909 paedayoynm,
1601 1854 1679 1896 etsi

111 1931 208 1982 post
243 1925 341 1967 deos
377 1932 414 1967 et
448 1940 542 1967 cum
581 1925 671 1967 deis
708 1925 935 1967 daemonia
979 1925 1240 1980 deputantur
1281 1940 1409 1980 penes
1448 1931 1599 1980 poetas
1639 1931 1676 1966 et

108 1995 605 2051 philosoplzos...quodsi
639 1995 799 2037 idcirco
834 1995 1177 2050 sapientissimus
1213 1994 1407 2036 Socrates
1447 1994 1676 2036 secundum
1695 2013 1739 2045 25

117 2065 269 2121 Pythii
301 2080 460 2120 quoque
491 2065 710 2107 daemonis
741 2064 1014 2119 suffrayium,
1044 2064 1201 2106 scilicet
1231 2065 1444 2119 neyotium
1474 2065 1676 2106 nauantis

116 2136 226 2177 socio
248 2150 334 2185 suo,
353 2141 508 2190 quanto
531 2135 703 2189 diynior
724 2140 848 2189 atque
870 2134 1130 2176 constantior
1147 2133 1419 2176 Christianae
1440 2134 1676 2189 sapientiae

116 2205 316 2254 adsertio,
339 2206 458 2247 cuius
481 2205 668 2260 adflatui
688 2210 772 2246 tota
798 2205 865 2246 uis
886 2204 1142 2246 daemonum
1164 2204 1296 2246 cedit?
1341 2204 1442 2246 haec
1462 2204 1676 2259 sapientia

115 2275 169 2317 de
214 2275 356 2317 schola
405 2274 513 2316 caeli
563 2274 660 2315 deos
706 2274 879 2329 quidem
926 2273 1088 2315 saeculi
1131 2288 1287 2327 neyare
1336 2273 1520 2323 liberior,
1570 2289 1677 2329 quae

119 2346 289 2387 nullum
333 2344 593 2399 Aesculapio
636 2344 929 2399 yalliozaceum
974 2343 1100 2385 reddi
1144 2343 1289 2385 iubens
1333 2344 1675 2398 praeuaricetw‘,
1695 2365 1741 2397 30

121 2430 190 2458 nec
226 2429 339 2457 noua
374 2413 564 2470 inferens
595 2413 832 2463 daemonia,
866 2414 938 2455 sed
969 2419 1114 2455 uetera
1146 2413 1368 2468 depellens,
1402 2428 1475 2455 nec
1507 2413 1675 2455 adules-

114 2486 299 2528 centiam
331 2484 504 2532 uitians,
525 2484 598 2525 sed
630 2483 745 2524 omni
775 2483 875 2525 bono
901 2483 1085 2538 pudoris
1115 2482 1368 2538 informans,
1390 2483 1563 2538 ideoque
1593 2499 1675 2525 non

118 2555 247 2596 unius
267 2554 395 2602 urbis,
418 2553 490 2595 sed
518 2553 712 2594 uniuersi
740 2552 851 2594 orbis
871 2553 1068 2608 iniquam
1088 2553 1336 2594 sententiam
1358 2553 1567 2595 sustinens
1592 2569 1675 2608 pro

117 2624 286 2666 ‚nomine
311 2623 520 2672 ueritatis,
544 2628 659 2664 tanto
687 2623 845 2664 scilicet
875 2622 1116 2676 perosioris,
1140 2628 1294 2677 quanto
1321 2622 1543 2677 plenioris,
1566 2629 1612 2665 ut
1639 2630 1676 2665 et

123 2700 297 2736 mortem
327 2708 409 2734 non
439 2693 489 2735 de
521 2693 670 2748 poculo
701 2707 780 2747 per
813 2692 1004 2733 habitum
1034 2692 1315 2734 iucunditatis
1347 2692 1576 2742 absorbeat,
1603 2694 1675 2735 sed
1695 2712 1739 2743 35

116 2763 171 2805 de
211 2763 399 2818 patibulo
442 2768 480 2804 et
519 2762 828 2803 uiuicomburio
870 2776 946 2816 per
988 2776 1107 2803 omne
1147 2762 1366 2817 inyenium
1408 2763 1676 2805 crudelitatis

117 2832 361 2875 exhauriat.
425 2835 493 2874 39.
525 2834 594 2874 56.

208 2917 248 2958 p.
265 2905 347 2943 128
370 2903 394 2944 l.
414 2905 466 2944 15
493 2913 722 2943 VERITATE
751 2902 805 2943 ad
826 2908 963 2944 nab.1.
983 2904 1036 2943 10
1068 2916 1108 2957 p.
1133 2900 1186 2943 79
1214 2902 1240 2942 l.
1264 2904 1316 2942 15
1341 2901 1465 2943 Wiss.
1490 2908 1601 2944 taceo
1625 2903 1676 2945 de

1434 2989 1563 3025 28-2
