1975 3306
119 148 161 190 p.
187 136 239 176 72
262 134 289 176 l.
315 135 359 187 4]
633 132 1080 176 APOLOGETICVS
1114 134 1164 173 21
1603 129 1688 171 299

120 248 318 291 doctrina
339 249 413 291 ille
441 255 479 291 et
505 249 722 305 sapientia
748 248 1001 298 reuimebat,
1023 262 1199 290 accensa
1226 248 1297 288 ira
1325 252 1363 288 et
1391 245 1688 300 inditqnatione

114 319 342 374 prouocati
377 319 555 360 insecuti
590 324 688 360 sunt
719 324 756 360 et
794 324 1057 374 postremum
1090 317 1303 359 detentum
1335 315 1489 357 Pontio
1522 313 1688 362 Pilato,

121 387 195 443 qui
236 394 333 430 tunc
369 403 418 430 ea)
457 394 586 444 parte
627 388 830 430 Romana
866 388 1045 444 Syriam
1094 386 1366 442 procurabat,
1400 384 1687 435 tradiderunt,

122 472 285 499 cruceni
326 458 416 499 eius
461 463 498 499 et
546 463 725 499 mortem
773 457 999 513 suffrayiis
1049 456 1249 498 uiolentis
1298 471 1348 497 ac
1392 453 1687 510 pertinacibus

113 528 377 584 flayituntes.
1709 540 1732 571 5

211 609 606 640 REVINCEBANTVR
639 613 671 639 0.
709 600 730 638 1
768 613 808 654 Ρ.
838 599 862 638 2
898 597 922 639 l.
953 599 1019 638 21.
1085 596 1152 638 De
1185 595 1364 637 Testim.
1392 594 1539 636 Anim.
1574 597 1595 635 1
1626 609 1686 650 pr.

125 668 295 711 Oehler.
354 668 421 710 De
455 668 578 724 Virg.
603 668 785 710 Veland.
811 671 831 708 1
857 683 917 724 pr.
972 667 1096 709 Lucr.
1121 679 1171 708 IV
1204 668 1288 708 489
1322 681 1380 707 an
1412 664 1689 721 confutabunt

122 754 249 780 nares
280 739 442 781 oculiue
472 740 719 781 reuincent?

213 825 252 867 p.
276 810 331 852 70
353 811 376 852 1.
401 813 455 852 32
479 820 1044 852 PRIMORES...MVLTITVDO
1071 808 1189 850 Lact.
1221 820 1271 848 IV
1302 809 1355 850 16
1385 805 1404 864 ξ
1427 809 1450 849 5
1475 822 1571 862 eryo
1594 821 1689 848 cum

126 896 308 936 massnus
333 881 522 936 populus
554 880 613 922 ad
644 895 738 922 euni
769 880 838 921 uel
871 879 917 921 ob
945 879 1159 921 iustitiam
1188 894 1312 934 quam
1345 877 1524 926 docebat,
1546 877 1614 919 'uel
1643 876 1689 918 ob
1711 894 1758 916 10>

125 951 341 992 miracula
363 966 469 1006 quae
480 950 686 1007 faciebat,
702 949 878 991 subinde
900 950 1274 1005 conflueret...tum
1293 948 1508 1003 primores
1530 946 1559 988 I
1560 947 1689 988 udae-

127 1035 251 1061 orum.
279 1025 316 1062 et
343 1020 579 1062 sacerdotes
599 1019 672 1061 ira
694 1019 920 1068 stimulati,
943 1019 1053 1074 quod
1075 1018 1126 1059 ab
1148 1033 1192 1060 eo
1215 1024 1434 1072 tamquam
1450 1021 1691 1071 peccatores

124 1090 458 1145 increpabantur
479 1096 516 1132 et
537 1089 711 1131 inuidia
733 1090 965 1145 deprauati
990 1089 1101 1144 quod
1123 1089 1352 1144 confluente
1374 1087 1432 1129 acl
1458 1102 1553 1129 eum
1579 1087 1688 1127 niul-

126 1160 306 1202 titudine
328 1161 533 1202 contemni
557 1175 599 1202 se
628 1175 677 1202 ac
705 1159 843 1202 deseri
871 1158 1333 1209 radebant„..coierunt
1362 1158 1570 1199 aduersus
1595 1172 1691 1199 euni

126 1230 388 1286 impiumque
410 1231 635 1272 consilium
657 1231 707 1272 de
729 1245 773 1272 eo
795 1229 978 1272 tollendo
1001 1228 1310 1283 cruciandoque
1331 1233 1536 1283 ceperunt.
1712 1241 1756 1273 15

214 1315 254 1356 p.
287 1299 340 1341 72
374 1300 398 1342 l.
426 1303 447 1341 1
481 1312 657 1341 SYRIAM
688 1299 915 1341 Iudaeam.
978 1298 1060 1340 Ios.
1083 1297 1234 1353 Antiq.
1259 1309 1381 1338 XVIII
1415 1299 1440 1338 3
1463 1294 1482 1353 ξ
1507 1299 1541 1346 1,
1565 1298 1591 1337 4
1622 1294 1689 1352 §2

127 1370 337 1412 Vibellius
373 1385 585 1426 governor
617 1371 665 1412 of
697 1370 835 1426 Syria,
864 1376 939 1426 yet]
975 1368 1103 1426 Cypr.
1143 1368 1271 1421 Quod
1308 1368 1433 1409 Idola
1466 1378 1545 1408 cet.
1584 1369 1637 1409 13
1664 1368 1688 1408 f.

127 1439 310 1495 (quoted
331 1440 486 1492 above)
508 1440 663 1482 Pontio
685 1440 846 1489 Pilato,
863 1440 936 1495 qui
957 1446 1054 1481 tunc
1076 1454 1125 1480 eat
1139 1444 1269 1494 parte
1290 1437 1492 1478 Romana
1513 1436 1689 1491 Syriam

120 1510 393 1565 procurabat.
446 1510 643 1552 Laetant.
676 1510 778 1552 Diu.
810 1510 940 1551 Insbb.
974 1521 1023 1550 IV
1057 1512 1111 1549 18
1143 1507 1210 1564 §4
1241 1508 1397 1549 Pontio
1428 1507 1587 1556 Pilato,
1620 1507 1693 1562 qui

128 1586 217 1622 tuni
247 1580 410 1636 legatus
438 1581 616 1636 Syriam
646 1581 822 1636 ressebat.
877 1580 993 1637 Epit.
1017 1581 1072 1621 40
1094 1581 1191 1633 (45)
1212 1577 1232 1636 ξ
1253 1582 1279 1619 8
1302 1579 1483 1620 Pontius
1505 1577 1693 1625 Pilatus,
1712 1594 1758 1616 20

129 1652 202 1707 qui
223 1657 313 1693 tuni
336 1652 497 1707 leyatus
518 1652 565 1692 in
586 1651 766 1707 Syriam
792 1651 1026 1693 iudicabat.
1079 1651 1154 1704 (In
1183 1661 1268 1691 ΑΒ.
1293 1651 1348 1691 30
1375 1649 1498 1690 there
1527 1663 1613 1689 was
1638 1663 1693 1689 no

130 1721 280 1777 acting
319 1721 505 1776 leyatus‘3
549 1721 685 1762 hence
716 1736 829 1762 none
867 1720 1026 1762 named
1063 1720 1108 1761 in
1143 1719 1267 1761 Luke
1306 1721 1330 1760 3
1372 1719 1426 1772 ].)
1486 1718 1693 1759 Harnaek

132 1791 284 1833 Geseh.
317 1791 355 1832 d.
388 1791 616 1833 altohristl.
650 1791 735 1833 Lit.
769 1792 925 1845 (1893)
959 1803 974 1832 Ι
1007 1793 1104 1833 865.

221 1877 259 1917 p.
297 1860 349 1902 72
388 1862 413 1903 l.
449 1864 475 1903 3
518 1873 851 1903 PRAEDIXERAT
893 1861 1021 1918 Cypr.
1065 1861 1132 1902 De
1174 1859 1328 1900 Idolor.
1373 1859 1481 1899 Van.
1526 1861 1579 1899 14
1621 1858 1694 1900 hoc

121 1930 324 1986 sucturos
346 1937 382 1973 et
403 1932 492 1986 ipse
508 1931 790 1986 praedixerat
811 1936 849 1972 et
864 1931 1176 1986 prophetarum
1201 1928 1389 1970 omniurn
1411 1927 1695 1969 testimonium
1715 1946 1733 1968 2
1739 1946 1760 1977 5

133 2002 192 2043 sic
222 2008 317 2043 ante
342 2008 646 2057 praecesserat,
670 2007 858 2057 oportere
886 2001 1013 2042 illuni
1038 1999 1353 2055 pati...Fide7n
1380 1999 1522 2052 itaque
1551 2012 1696 2038 reruni

134 2087 282 2114 cursus
316 2072 523 2127 impleuit.
575 2087 678 2113 nani
714 2077 751 2113 et
786 2071 1015 2126 crucifixus
1046 2074 1279 2125 praeuento
1316 2068 1531 2123 carnificis
1565 2067 1696 2123 officio

134 2143 337 2197 spiritum
372 2147 516 2197 sponte
551 2141 730 2191 dimisit,
765 2147 802 2183 et
837 2141 906 2183 die
939 2141 1063 2182 tertio
1100 2154 1249 2180 rursus
1285 2154 1311 2179 a
1344 2138 1523 2179 mortuis
1555 2143 1698 2192 sponte

135 2213 332 2254 surrea‘it.
394 2211 551 2253 Iustin.
575 2211 699 2267 Apol.
730 2222 746 2251 I
775 2212 829 2251 14
859 2210 945 2251 had
973 2208 1157 2250 forebolol
1188 2208 1263 2249 ‘ohe
1294 2207 1528 2261 sufferings
1557 2208 1604 2248 of
1630 2207 1697 2248 his

137 2282 349 2338 disciples.
419 2281 537 2337 Orig.
574 2287 707 2322 contr.
744 2280 856 2322 Cels.
895 2292 910 2321 Ι
948 2295 980 2321 0.
1016 2282 1068 2321 62
1104 2294 1142 2334 Ρ.
1171 2280 1226 2320 49
1260 2277 1367 2319 cibes
1400 2277 1557 2318 Matth.
1589 2280 1613 2319 9
1642 2276 1695 2319 37
1717 2297 1762 2328 30

137 2354 281 2408 (great
302 2352 490 2400 harvest,
513 2351 593 2391 few
614 2350 817 2405 reapers).
872 2361 907 2390 II
930 2364 962 2391 0.
988 2352 1041 2391 13
1064 2364 1133 2404 ΡΡ.
1158 2350 1300 2390 (js—9
1323 2347 1430 2388 cites
1461 2347 1617 2388 Matth.
1644 2349 1698 2388 10

140 2425 192 2463 18
216 2426 287 2478 (ye
310 2421 420 2462 shall
441 2421 495 2462 be
518 2420 709 2476 brought
730 2420 876 2461 before
898 2419 1027 2475 kings
1049 2419 1135 2460 ancl
1157 2418 1324 2470 rulers).
1386 2417 1544 2458 Matih.
1565 2419 1619 2457 24
1643 2418 1698 2458 14

137 2493 307 2549 (gospel
340 2491 555 2547 preaohed
590 2490 635 2531 in
672 2490 729 2531 all
762 2490 838 2531 the
870 2490 1033 2542 world).
1096 2489 1220 2529 Luke
1255 2490 1306 2528 21
1344 2490 1398 2529 20
1431 2487 1696 2541 (Jerusalem

138 2563 373 2619 besieged).

227 2644 386 2674 PARVM
418 2644 457 2673 SI
489 2647 520 2673 0.
556 2635 579 2673 6
612 2646 650 2687 Ρ.
685 2633 769 2672 134
802 2631 825 2672 l.
861 2633 884 2671 2
918 2630 1079 2672 Oehler
1107 2629 1212 2670 with
1241 2644 1279 2669 n.
1310 2643 1348 2684 g.
1412 2628 1478 2669 De
1513 2628 1619 2683 Fug.
1652 2627 1696 2668 in
1718 2643 1762 2674 35

142 2705 303 2745 Perseo.
329 2705 382 2744 13
412 2717 450 2758 p.
476 2703 559 2743 489
583 2702 607 2742 l.
630 2703 657 2741 4
680 2716 749 2756 up.
802 2700 869 2742 De
902 2700 1051 2741 Idolol.
1084 2699 1106 2740 7
1138 2714 1176 2755 p.
1202 2701 1255 2741 36
1280 2699 1304 2740 l.
1330 2701 1381 2739 17
1407 2697 1532 2739 Wiss.
1577 2697 1695 2738 Lact.

140 2786 157 2815 Ι
181 2776 235 2814 10
261 2772 280 2829 ξ
303 2775 367 2813 12.
414 2787 577 2827 parum
600 2777 658 2813 est
678 2786 710 2812 0.
734 2770 806 2812 inf.
861 2771 957 2811 qu.
984 2773 1035 2811 15
1062 2771 1143 2811 166
1167 2784 1206 2810 n.

228 2858 267 2899 Ρ.
292 2843 345 2884 72
368 2842 392 2883 l.
415 2843 442 2882 4
464 2852 690 2883 SVFFIXVS
713 2840 827 2896 Lips.
852 2839 919 2880 De
944 2838 1082 2881 Cruoe
1107 2850 1121 2879 1
1146 2842 1181 2879 3.
1235 2838 1353 2879 Lac-t.
1378 2837 1478 2879 Diu.
1497 2837 1627 2878 Instt.
1647 2848 1696 2878 IV
