1975 3306
288 124 367 163 158
861 121 1267 163 TERTVLLIANI
1584 125 1644 179 [p.
1668 125 1693 166 8
1715 124 1744 167 l.
1768 126 1850 167 9—

279 238 534 293 proconsule
548 238 684 279 Asiae
701 238 863 287 (lectum,
877 243 923 279 ut
945 238 1106 279 nemini
1128 237 1271 280 liceret
1293 239 1562 282 Christianos
1582 241 1672 282 sine
1694 241 1851 284 obiectu

284 309 482 351 criminis
504 314 579 350 mat
600 308 852 363 probatione
878 308 1098 350 damnare.
1162 307 1232 349 On
1260 308 1336 350 the
1363 309 1564 364 question
1592 311 1639 351 of
1664 311 1850 353 authen—

286 378 414 435 ticity
451 393 520 420 see
559 378 668 420 Otto
701 393 755 418 on
794 377 950 419 Iustin.
984 378 1095 434 apol.
1128 390 1142 419 1
1177 380 1231 420 69
1263 394 1302 435 p.
1336 377 1413 421 99(ἰ
1448 395 1487 421 n.
1523 383 1558 422 1.
1622 380 1850 437 Lightfoot

285 449 488 506 Ignatius
511 454 541 489 1¹
563 450 661 497 442,
683 450 868 490 460—4.
932 451 1015 490 522
1040 449 1181 490 where
1206 449 1259 490 he
1282 450 1413 502 (after
1435 450 1637 507 Rigault)
1658 451 1771 493 finds
1793 467 1848 493 an

243 541 262 571 5
285 519 470 560 allusion
493 524 538 560 to
563 518 796 560 Hadrian's
818 519 1001 575 rescript
1024 525 1068 560 to
1101 519 1342 561 Fundanus
1364 520 1409 561 in
1433 521 1509 562 the
1531 522 1786 563 mandatum
1807 522 1856 563 of

284 589 464 630 Tertull.
493 588 548 630 ad
581 588 704 644 Scap.
737 591 762 629 4
796 589 854 644 (p.
890 588 971 630 547
1007 589 1031 629 l.
1067 592 1108 641 1)
1142 589 1319 631 Pudens
1350 591 1481 632 etiam
1512 591 1689 632 missum
1720 591 1780 633 ad
1807 606 1849 633 36

285 660 583 702 Christianum
614 659 661 700 in
693 660 825 715 elogio
857 660 1125 701 concussione
1150 661 1240 702 eius
1264 660 1478 703 intellecta
1509 662 1689 712 dimisit,
1720 663 1849 704 scisso

283 730 425 772 eodem
460 730 604 785 eloyz‘o,
636 731 728 772 sine
768 736 1012 772 accusatore
1054 745 1214 785 η69αη3
1254 746 1296 772 36
1340 731 1594 773 auditurum
1637 732 1848 774 hominem

283 801 512 844 secundum
543 801 809 842 mrmdatum.
873 800 1027 842 Melito
1059 801 1168 857 apol.
1203 806 1248 842 to
1281 801 1454 843 Marcus
1486 802 1693 844 Aurelius
1725 803 1848 857 (Eus.

222 895 264 917 10
286 872 325 913 h.
349 887 381 913 e.
406 883 455 913 IV
479 873 533 913 26
555 870 575 928 ξ
598 873 672 925 10)
694 886 791 927 says
818 871 866 912 of
888 871 1141 913 Antoninus
1170 871 1274 913 Pius
1304 870 1325 914 ὁ
1354 871 1398 914 δὲ
1426 872 1577 928 πατήρ
1606 876 1849 919 σου...ταῖς

284 941 449 985 πόλεσι
486 942 589 999 περὶ
627 945 704 984 τοῦ
737 941 872 995 μηδὲν
915 940 1183 997 νεωτερίζειν
1225 941 1328 996 περὶ
1368 943 1491 995 ἡμῶν
1533 943 1736 999 ἔγραψεν
1777 944 1847 997 (of.

283 1012 510 1069 Lightfoot
533 1012 556 1053 l.
581 1027 613 1053 c.
636 1027 675 1068 p.
700 1013 815 1065 443).
878 1010 1097 1065 Athenag.
1131 1013 1156 1051 3
1189 1026 1227 1067 p.
1262 1009 1311 1052 4‘¹
1343 1014 1408 1065 (to
1441 1012 1613 1054 Marcus
1642 1012 1848 1054 Aurelius

282 1083 367 1124 and
398 1082 683 1135 Commodus)
714 1081 788 1124 καὶ
821 1084 900 1123 τοῦ
931 1081 1067 1136 μηδὲν
1094 1082 1264 1123 τούτων
1287 1081 1453 1125 ἀδικεῖν
1477 1083 1597 1135 ὑμεῖς
1616 1081 1847 1137 μάρτυρες,

283 1153 532 1199 κελεύοντες
553 1152 613 1207 μὴ
636 1153 834 1204 μηνύειν·
869 1151 981 1207 πρὸς
1012 1153 1131 1206 ὑμῶν
1153 1151 1314 1194 λοιπὸν
1342 1153 1544 1205 ἐξέτασιν
1565 1152 1846 1206 ποιήσασθαι

219 1239 260 1269 15
281 1224 400 1274 βίου,
423 1224 664 1278 δογμάτων,
689 1227 766 1276 τῆς
789 1222 900 1278 πρὸς
930 1223 1041 1277 ὑμᾶς
1072 1223 1144 1264 καὶ
1174 1222 1250 1265 τὸν
1279 1222 1488 1279 ὑμέτερον
1517 1222 1638 1266 οἶκον
1665 1224 1739 1265 καὶ
1766 1222 1848 1276 τὴν

280 1292 525 1344 ,Βασιλείαν
547 1293 745 1346 σπουδῆς
769 1293 841 1335 καὶ
866 1294 1078 1346 ὑπακοῆς.
1142 1292 1295 1334 Under
1316 1292 1582 1335 Commodus
1603 1294 1723 1347 (ΕΗΒ.
1748 1294 1786 1336 h.
1810 1309 1845 1336 e.

282 1377 311 1406 V
345 1368 396 1406 21
431 1364 450 1422 ξ
482 1366 539 1419 3)
560 1365 635 1406 the
673 1379 849 1405 accuser
880 1364 928 1405 of
959 1363 1218 1420 Apollonius
1251 1364 1336 1405 had
1369 1364 1436 1405 his
1467 1365 1559 1421 legs
1591 1364 1755 1405 broken
1786 1365 1845 1421 by

279 1441 484 1477 sentence
507 1435 554 1476 of
571 1433 821 1476 Perennius.

368 1521 407 1562 p.
451 1508 476 1547 8
520 1506 545 1547 l.
591 1508 644 1547 13
682 1516 973 1546 LATRONIBVS
1005 1511 1085 1546 cet.
1149 1504 1233 1545 Dio
1271 1515 1420 1545 LXXVI
1460 1506 1524 1546 10.
1601 1505 1843 1547 Mommsen

215 1592 260 1615 20
281 1574 526 1617 Strafrecht
558 1577 643 1616 312
680 1577 714 1623 1,
747 1573 830 1616 307
858 1576 892 1616 2.

367 1661 407 1702 p.
443 1648 468 1686 8
501 1646 524 1687 l.
560 1648 612 1687 15
647 1656 803 1686 SOCIOS
835 1650 914 1686 cet.
979 1644 1223 1686 Mommsen
1246 1649 1351 1686 ro‘m.
1373 1643 1618 1686 Strafrecht
1641 1646 1693 1685 91
1720 1646 1756 1694 2,
1788 1647 1842 1687 98

279 1719 404 1758 3—4.

367 1801 406 1841 p.
441 1788 466 1826 8
499 1786 523 1827 l.
559 1787 612 1826 22
646 1780 837 1826 CET'ERls
872 1794 1166 1824 NEGANTIBVS
1203 1793 1455 1824 TORMENTA
1493 1793 1742 1824 ADHJBETIS
1780 1795 1842 1824 AD

279 1866 628 1904 CONFITENDVM‚
651 1866 776 1896 soms
805 1864 1100 1895 CHRISTIANIS
1129 1864 1191 1893 AD
1220 1863 1485 1893 NEGANDVM
1507 1852 1560 1893 ad
1585 1851 1708 1908 Scap.
1731 1856 1758 1894 4
1779 1868 1842 1909 pr.

213 1945 257 1977 25
278 1940 318 1981 p.
341 1927 425 1966 546
454 1925 478 1966 l.
502 1927 528 1965 4
558 1925 662 1980 quid
690 1924 801 1966 enim
832 1923 1024 1978 amplius
1056 1922 1132 1964 tibi
1161 1921 1410 1971 mandatur,
1439 1936 1568 1977 quam
1600 1929 1841 1964 nocentes

278 1996 533 2037 confessos
555 1995 813 2043 damnare,
836 1999 1087 2049 negantes
1114 1999 1285 2034 autem
1307 1992 1367 2033 ad
1390 1998 1646 2034 tormenta
1667 2008 1839 2034 reuoc-

276 2068 390 2107 are?
451 2065 608 2107 uidetis
639 2079 748 2119 erqo,
781 2063 985 2118 quomodo
1014 2062 1102 2117 ipsi
1133 2078 1208 2103 uos
1237 2067 1385 2104 contra
1413 2061 1622 2102 mandata
1639 2062 1840 2118 faciatis,

276 2142 331 2177 ut
369 2136 623 2177 confessos
657 2149 842 2190 negare
877 2132 1085 2189 cogatis.
1165 2132 1270 2174 adeo
1308 2132 1567 2187 confitemini
1604 2132 1839 2175 innocentes

276 2219 360 2246 esse
383 2220 467 2254 nos,
489 2220 589 2260 quos
620 2204 831 2246 damnare
859 2203 1006 2244 statim
1035 2217 1084 2243 ex
1112 2200 1366 2257 confessione
1394 2216 1477 2243 ozon
1502 2201 1645 2243 uzcltis.
1709 2201 1838 2259 Cypr.

212 2294 257 2325 30
277 2275 330 2316 ad
354 2274 624 2316 Demetrian.
649 2276 702 2315 13
725 2288 785 2329 pr.
809 2274 867 2328 (p.
893 2274 977 2314 360
1003 2274 1076 2326 16)
1105 2273 1207 2327 quin
1229 2273 1376 2327 potius
1408 2272 1518 2327 eleye
1548 2272 1625 2314 tibi
1653 2272 1836 2314 alterum

276 2346 326 2387 de
359 2345 544 2387 duobus:
584 2344 879 2386 Christianum
917 2358 1002 2385 6336
1040 2350 1116 2384 aut
1152 2349 1211 2385 est
1245 2343 1405 2384 crimen
1439 2348 1514 2384 aut
1546 2357 1628 2384 ozon
1664 2348 1732 2384 est.
1795 2343 1836 2384 si

275 2416 463 2457 crimen
487 2422 580 2465 est,
602 2415 725 2471 quid
748 2429 843 2455 non
867 2413 1126 2455 interficis
1148 2413 1517 2454 confitentem?
1579 2412 1619 2454 si
1646 2412 1834 2454 crimen

276 2501 371 2527 non
400 2494 492 2536 est,
519 2486 641 2542 quid
669 2484 994 2541 persequeris
1026 2484 1384 2525 innocentem?
1446 2483 1673 2538 torqueri
1702 2483 1833 2525 enim

275 2556 444 2605 debui,
474 2557 515 2597 si
545 2571 799 2612 negarem.
860 2556 899 2596 si
922 2548 1107 2610 poenam
1136 2561 1253 2596 tuam
1280 2559 1465 2595 metuens
1495 2553 1542 2594 id
1574 2553 1683 2608 quod
1705 2554 1836 2609 prius

210 2639 254 2671 35
267 2626 445 2682 feceram
468 2633 505 2668 et
526 2627 637 2681 quod
653 2625 750 2668 deos
767 2632 860 2668 tuos
875 2641 958 2666 uon
975 2626 1189 2667 colueram
1206 2624 1425 2666 mendacio
1436 2623 1625 2679 fallente
1641 2624 1832 2674 celarem,

274 2702 372 2739 teme
393 2696 858 2752 torquendusfuissem,
881 2702 978 2737 tmzc
999 2695 1057 2736 ad
1081 2694 1448 2737 confessionem
1471 2692 1699 2735 criminis
1721 2709 1829 2735 cum

272 2767 324 2809 ui
366 2766 553 2807 doloris
595 2765 896 2821 adigendus,
939 2765 1075 2806 sicut
1118 2765 1167 2806 in
1208 2763 1600 2819 quaestionibus
1647 2763 1832 2805 ceteris

272 2841 579 2891 torquentur
612 2834 682 2875 rei
719 2834 805 2889 qui
839 2849 889 2876 se
922 2840 1112 2890 negant
1149 2833 1360 2874 crimine
1395 2847 1490 2887 quo
1526 2838 1833 2874 accusantur
