1975 3306
206 181 260 221 74
784 177 1189 220 TERTVLLIANI

206 296 462 351 sanguinem
518 294 814 336 Christianum
865 294 1208 335 seminauerunt.
1288 293 1373 335 Sed
1423 293 1769 334 monstrabimus

206 365 333 407 uobis
357 365 538 406 idoneos
563 370 699 406 testes
724 364 883 405 Christi
908 364 1026 419 ipsos
1051 363 1147 405 illos
1173 378 1282 418 quos
1307 363 1515 405 adoratis.
1577 363 1768 404 Multum

208 440 274 476 est
305 435 339 476 si
372 449 443 475 eos
476 434 710 476 adhibeam
742 439 793 475 ut
824 433 1012 475 credatis
1043 433 1301 475 Christianis
1331 438 1510 488 propter
1541 447 1651 488 quos
1681 447 1770 474 non

207 504 383 545 creditis
409 504 678 546 Christianis.
733 503 919 545 Interim
945 503 1014 545 hic
1040 509 1106 544 est
1131 503 1237 544 ordo
1262 508 1439 544 nostrae
1462 503 1768 553 institutionis,

208 574 324 615 hunc
354 574 569 615 edidimus
598 579 643 615 et
670 579 815 615 sectae
844 579 888 615 et
916 573 1104 614 nominis
1134 587 1312 614 censum
1341 587 1441 614 cum
1469 587 1547 614 suo
1577 577 1768 614 auctore.
1789 584 1810 616 5

208 643 348 684 Νο1110
377 645 466 685 iam
494 643 724 685 infamiam
753 643 955 693 incutiat,
986 657 1115 684 nemo
1145 643 1264 684 aliud
1294 643 1529 692 existimet,
1561 643 1664 697 quia
1693 656 1772 683 nec

208 713 276 755 fas
305 719 371 755 est
399 714 474 755 ulli
505 713 559 755 de
588 728 667 755 sua
696 713 901 768 religione
930 713 1119 754 mentiri.
1181 713 1250 754 Ex
1281 727 1329 754 eo
1361 713 1475 754 enim
1506 712 1625 767 quod
1653 711 1773 753 aliud

207 803 233 830 a
266 803 312 830 se
345 789 426 830 0011
460 789 568 830 dicit
602 803 736 844 quam
771 789 887 838 colit,
924 794 1056 844 negat
1091 788 1210 843 quod
1245 788 1361 839 colit,
1398 793 1443 829 et
1477 788 1695 829 culturam
1731 792 1773 828 et

207 865 418 907 honorem
451 865 496 907 in
530 866 717 907 alterum
752 865 975 916 transfert,
1013 871 1057 907 et
1089 864 1394 906 transferendo
1427 865 1516 906 iam
1548 879 1638 906 non
1671 863 1775 905 colit

208 941 327 996 quod
341 941 534 996 negauit.
596 941 807 991 Dicimus,
826 946 870 982 et
884 941 1031 996 palam
1047 940 1245 990 dicimus,
1264 946 1308 982 et
1322 940 1448 982 uobis
1463 939 1775 995 torquentibus
1796 955 1838 978 10

206 1017 386 1059 lacerati
416 1022 460 1059 et
489 1018 657 1059 cruenti
685 1017 1000 1059 uociferamur:
1047 1017 1191 1058 Deum
1221 1017 1403 1058 colimus
1431 1031 1508 1072 per
1536 1016 1772 1059 Christum.

207 1093 339 1134 Illum
360 1094 581 1135 hominem
603 1098 773 1148 putate,
796 1108 872 1148 per
893 1107 992 1134 eum
1014 1099 1058 1134 et
1077 1094 1118 1134 in
1143 1108 1192 1135 eo
1213 1108 1258 1135 se
1278 1093 1479 1149 cognosci
1500 1099 1545 1135 et
1564 1093 1646 1135 coli
1666 1093 1775 1134 deus

208 1169 319 1210 uult.
381 1169 444 1210 Ut
464 1169 641 1211 Iudaeis
660 1168 1016 1224 respondeamus,
1041 1174 1084 1210 et
1103 1169 1186 1224 ipsi
1208 1169 1436 1210 dominum
1457 1183 1534 1225 per
1554 1169 1777 1210 hominem

208 1244 390 1299 Moysen
439 1245 577 1286 colere
625 1244 895 1286 didicerunt:
962 1250 1014 1286 ut
1062 1244 1237 1286 Graecis
1285 1259 1524 1295 occurram,
1577 1244 1778 1299 Orpheus

209 1321 388 1372 Pieriae,
408 1321 613 1363 Musaeus
631 1322 829 1373 Athenis,
850 1321 1096 1377 Melampus
1112 1321 1251 1377 Argis,
1272 1321 1548 1376 Trophonius
1566 1320 1777 1362 Boeotiae
1798 1336 1839 1368 15

208 1397 533 1439 initiationibus
553 1398 751 1439 homines
770 1398 1100 1454 obligauerunt:
1138 1403 1190 1439 ut
1209 1398 1266 1439 ad
1285 1412 1365 1439 uos
1385 1412 1561 1453 quoque
1580 1397 1776 1439 domina-

209 1478 326 1514 tores
369 1474 567 1529 gentium
610 1474 865 1529 adspiciam,
911 1474 1041 1516 homo
1084 1474 1171 1515 suit
1213 1474 1455 1529 Pompilius
1497 1473 1658 1523 Numa,
1703 1473 1778 1528 qui

210 1549 437 1590 Romanos
469 1550 784 1604 operosissimis
816 1549 1203 1605 superstitionibus
1234 1550 1448 1591 onerauit.
1510 1549 1703 1591 Licuerit
1735 1553 1780 1589 et

211 1624 383 1666 Christo
405 1625 692 1667 commentari
711 1625 1005 1676 diuinitatem,
1025 1640 1116 1666 rem
1138 1625 1373 1680 propriam,
1393 1639 1481 1666 non
1500 1639 1585 1680 qua
1608 1624 1778 1679 rupices

213 1705 258 1742 et
274 1701 420 1742 adhuc
437 1701 551 1742 feros
568 1701 766 1742 homines
784 1701 1059 1743 multitudini
1077 1707 1147 1743 tot
1165 1701 1397 1742 numinum
1415 1700 1778 1742 demerendorum
1797 1716 1842 1739 20

213 1776 430 1817 attonitos
460 1776 685 1817 efficiendo
714 1776 771 1817 ad
801 1776 1126 1817 humanitatem
1156 1781 1436 1830 temperaret,
1468 1775 1587 1830 quod
1616 1774 1776 1823 Numa,

213 1851 289 1892 sed
311 1851 385 1906 qui
406 1851 495 1892 iam
518 1851 734 1906 expolitos
757 1856 801 1892 et
821 1851 916 1906 ipsa
939 1851 1193 1892 urbanitate
1215 1851 1422 1905 deceptos
1443 1851 1487 1891 in
1510 1850 1779 1906 agnitionem

214 1926 415 1968 ueritatis
451 1927 659 1968 ocularet.
723 1926 928 1976 Quaerite
964 1926 1098 1981 igitur
1133 1926 1167 1967 si
1205 1940 1309 1967 uera
1346 1931 1412 1967 est
1447 1926 1533 1967 ista
1570 1925 1780 1966 diuinitas

215 2001 387 2043 Christi.
449 2002 492 2043 Si
532 2016 582 2043 ea
622 2007 688 2044 est
727 2016 814 2057 qua
853 2002 1028 2057 cognita
1068 2001 1125 2043 ad
1163 2001 1329 2042 bonum
1369 2001 1466 2055 quis
1501 2000 1777 2049 reformatur,

215 2077 413 2132 sequitur
455 2082 505 2118 ut
546 2076 682 2118 falsae
722 2077 1012 2127 renuntietur,
1057 2082 1267 2131 conperta
1308 2076 1506 2131 inprimis
1547 2075 1620 2117 illa
1661 2074 1780 2116 omni
1799 2091 1842 2123 25

215 2152 385 2193 ratione
425 2167 538 2207 quae
578 2152 826 2193 delitiscens
866 2151 947 2192 sub
988 2151 1239 2192 nominibus
1280 2156 1324 2192 et
1363 2150 1627 2206 imaginibus
1667 2164 1778 2191 mor-

216 2232 394 2268 tuorum
446 2227 711 2282 quibusdam
763 2227 894 2279 signis
946 2232 990 2267 et
1040 2226 1259 2267 miraculis
1311 2231 1354 2266 et
1405 2225 1589 2266 oraculis
1647 2224 1780 2266 fidem

218 2301 465 2343 diuinitatis
496 2306 717 2356 operatur.

300 2434 375 2475 22.
435 2435 583 2490 Atque
616 2434 726 2475 adeo
760 2434 945 2475 dicimus
979 2448 1069 2475 esse
1103 2433 1375 2475 substantias
1409 2432 1624 2487 quasdam
1657 2431 1778 2486 spiri-

218 2509 341 2551 tales.
402 2509 493 2550 Nec
526 2525 693 2551 nouum
726 2524 887 2551 nomen
921 2515 1000 2551 est.
1040 2509 1215 2551 -Sciunt
1248 2509 1484 2550 daemones
1517 2507 1777 2562 philosophi,
1799 2531 1844 2563 30

220 2583 398 2625 Socrate
415 2584 509 2638 ipso
529 2584 585 2625 ad
604 2584 823 2626 daemonii
842 2584 1073 2625 arbitrium
1093 2588 1390 2638 exspectante.
1453 2582 1641 2632 Quidni?
1680 2597 1780 2623 cum

221 2663 265 2700 et
285 2658 367 2713 ipsi
390 2658 671 2700 daemonium
694 2674 719 2699 a
741 2659 929 2713 pueritia
951 2658 1199 2699 adhaesisse
1221 2657 1406 2707 dicatur,
1431 2656 1781 2698 dehortatorium

220 2733 349 2788 plane
377 2748 401 2773 a
428 2732 558 2774 bono.
621 2733 782 2774 Omnes
810 2734 956 2774 sciunt
982 2736 1161 2788 poetae3
1207 2732 1341 2773 etiam
1368 2731 1526 2787 uulgus
1551 2731 1781 2773 indoctum

219 2807 265 2849 in
302 2821 430 2847 usum
468 2806 690 2847 maledicti
728 2807 995 2862 frequentat.
1056 2806 1171 2848 Nam
1210 2811 1255 2847 et
1291 2805 1501 2855 Satanan,
1541 2806 1780 2861 principem

221 2881 350 2923 huius
368 2881 471 2922 mali
489 2881 668 2936 generis,
688 2882 871 2936 proinde
889 2882 943 2923 de
961 2882 1136 2937 propria
1155 2881 1420 2922 conscientia
1438 2881 1610 2922 animae
1629 2881 1781 2922 eadem
1801 2897 1846 2930 35
