1975 3306
281 146 358 185 128
857 143 1261 184 TERTVLLIANI

276 261 588 311 innocentiam,
631 261 860 310 iustitiam,
903 260 1180 315 patientiam,
1224 259 1521 308 sobrietatem,
1566 258 1839 317 pudicitiam.

277 336 363 378 Cur
396 351 495 392 ergo
529 336 688 391 quibus
721 350 1028 390 comparamur
1060 335 1114 376 de
1147 334 1388 389 disciplina,
1423 349 1511 375 non
1544 333 1726 389 proinde
1757 333 1841 374 illis

276 412 578 467 adaequamur
597 412 653 452 ad
670 411 893 452 licentiam
912 410 1313 465 impunitatemque
1333 409 1613 464 disciplinae?
1676 408 1745 449 uel
1765 422 1841 449 cur

276 492 321 528 et
350 487 423 537 illi,
456 493 508 528 ut
538 501 664 541 pares
693 486 845 535 nostri,
878 500 967 526 non
998 489 1209 540 urgentur
1239 484 1295 524 ad
1326 484 1467 525 officia
1499 498 1611 538 quae
1642 498 1721 524 nos
1751 497 1837 523 11011

275 561 489 603 obeuntes
536 562 860 617 periclitamur?
926 560 1031 609 Quis
1079 560 1192 600 enim
1241 559 1551 614 philosophum
1599 558 1879 604 sacrificare5

274 642 354 678 aut
392 637 584 678 deierare
623 643 702 678 aut
740 637 938 678 lucernas
977 634 1156 676 meridie
1194 649 1333 675 uanas
1371 635 1562 689 prolerre
1602 633 1835 688 conpellit?

276 711 528 762 Quinimmo
563 716 608 753 et
640 711 744 753 deos
777 715 948 752 uestros
981 709 1128 764 palam
1162 709 1398 750 destruunt
1432 714 1476 750 et
1508 708 1842 763 superstitiones

274 792 446 828 uestras
498 786 823 828 commentariis
875 799 1051 840 quoque
1102 790 1312 826 accusant
1362 784 1648 825 laudantibus
1699 782 1838 824 uobis.

276 862 477 917 Plerique
520 862 653 903 etiam
695 861 740 902 in
783 861 999 916 principes
1041 860 1209 900 latrant
1250 858 1570 900 sustinentibus
1611 858 1751 908 uobis,
1797 863 1841 899 et

275 938 445 979 facilius
475 937 635 979 statuis
666 942 709 978 et
738 936 904 977 salariis
934 940 1271 976 remunerantur
1300 950 1433 990 quam
1465 934 1521 975 ad
1550 934 1714 976 bestias
1743 948 1838 988 pro·
1863 949 1907 974 10

275 1013 552 1054 nuntiantur.
614 1012 699 1053 Sed
753 1012 922 1052 merito.
985 1011 1238 1066 Philosophi
1294 1011 1408 1051 enim
1464 1025 1550 1051 non
1606 1009 1841 1051 Christiani

276 1089 656 1143 cognominantur.
718 1087 890 1128 Nomen
938 1086 1019 1127 hoc
1067 1085 1427 1140 philosophorum
1475 1085 1706 1126 daemonia
1753 1099 1841 1126 non

275 1162 414 1219 fugat.
478 1162 666 1212 Quidni?
732 1176 831 1202 cum
876 1161 1117 1202 secundum
1163 1161 1267 1202 deos
1311 1161 1558 1215 philosophi
1603 1160 1842 1201 daemonas

276 1238 506 1293 deputent.
568 1237 759 1278 Socratis
784 1252 872 1277 uox
900 1242 986 1277 est:
1032 1235 1074 1277 Si
1101 1236 1382 1277 daemonium
1409 1236 1653 1290 permittat.
1716 1235 1840 1276 Idem

277 1319 322 1354 et
355 1327 454 1354 cum
489 1312 655 1367 aliquid
689 1312 742 1353 de
776 1312 963 1352 ueritate
998 1311 1199 1366 sapiebat
1232 1311 1335 1351 deos
1369 1325 1545 1365 negans,
1582 1310 1840 1365 Aesculapio
1864 1324 1906 1356 15

276 1394 427 1430 tamen
465 1388 754 1443 gallinaceum
793 1387 1009 1442 prosecari
1048 1387 1136 1427 iam
1174 1386 1219 1427 in
1257 1386 1343 1426 fine
1380 1385 1575 1435 iubebat,
1618 1385 1745 1426 credo
1785 1385 1840 1426 ob

278 1465 487 1505 honorem
530 1463 667 1518 patris
710 1463 813 1512 eius,
858 1462 961 1516 quia
1004 1462 1227 1503 Socratem
1271 1461 1426 1515 Apollo
1469 1461 1840 1515 sapientissimum

278 1539 475 1580 omnium
524 1538 692 1579 cecinit.
757 1537 791 1578 O
840 1523 1087 1591 Apollinem
1134 1536 1529 1577 inconsideratum!
1592 1535 1841 1590 Sapientiae

279 1614 583 1656 testimonium
600 1613 793 1654 reddidit
811 1613 847 1653 ei
865 1612 958 1653 uiro
978 1612 1051 1666 qui
1070 1611 1261 1666 negabat
1278 1611 1382 1652 deos
1400 1625 1502 1651 esse.
1551 1611 1603 1651 In
1622 1615 1840 1665 quantum

279 1690 430 1731 odium
446 1689 603 1744 flagrat
617 1689 794 1737 ueritas,
807 1688 851 1728 111
863 1693 1041 1728 tantum
1054 1687 1127 1741 qui
1140 1701 1236 1727 eam
1250 1701 1301 1726 ex
1315 1686 1401 1726 fide
1417 1691 1615 1740 praestat
1631 1686 1816 1727 offendit
1831 1700 1838 1728 :
1861 1703 1907 1725 20

280 1765 354 1820 qui
383 1769 532 1805 autem
561 1763 784 1804 adulterat
812 1768 855 1803 et
883 1762 1092 1811 adfectat,
1124 1761 1205 1802 hoe
1232 1761 1423 1801 maxime
1451 1760 1626 1801 nomine
1653 1761 1841 1816 gratiam

279 1841 434 1896 pangit
460 1840 579 1894 apud
604 1840 890 1880 insectatores
916 1837 1129 1878 ueritatis.
1193 1836 1335 1886 Quam
1360 1836 1571 1877 inlusores
1598 1841 1642 1877 et
1667 1850 1840 1891 corrup-

280 1920 396 1957 tores
437 1915 610 1955 inimice
654 1913 900 1968 philosophi
943 1912 1171 1953 adfectant
1214 1911 1447 1952 ueritatem
1491 1916 1535 1951 et
1577 1911 1841 1952 adfectando

281 1994 582 2045 corrumpunt,
618 1994 669 2030 ut
701 1989 776 2043 qui
808 1988 989 2043 gloriam
1024 1992 1220 2041 captant,
1257 1986 1491 2027 Christiani
1525 1992 1569 2027 et
1601 1986 1841 2027 necessario

282 2071 501 2121 appetunt
523 2071 567 2106 et
587 2065 755 2119 integre
776 2068 1017 2119 praestant,
1042 2068 1093 2104 ut
1115 2062 1188 2117 qui
1211 2062 1341 2103 saluti
1364 2076 1467 2102 suae
1489 2067 1658 2102 curant.
1719 2061 1841 2102 Adeo
1862 2075 1906 2107 25

281 2155 423 2196 neque
455 2141 508 2181 de
540 2140 721 2181 scientia
753 2153 894 2193 neque
927 2135 981 2179 de
1012 2137 1252 2192 disciplina,
1289 2142 1339 2178 ut
1370 2137 1551 2191 putatis,
1587 2151 1840 2191 aequamur.

284 2216 397 2266 Quid
431 2216 545 2256 enim
579 2215 734 2255 Thales
766 2215 835 2255 ille
868 2213 1068 2268 princeps
1100 2212 1379 2267 physicorum
1414 2211 1655 2253 sciscitanti
1687 2212 1842 2253 Croeso

282 2295 335 2336 de
360 2294 594 2335 diuinitate
620 2298 787 2333 certum
812 2291 1098 2340 renuntiauit,
1125 2296 1398 2331 commeatus
1422 2289 1690 2331 deliberandi
1714 2304 1843 2344 saepe

281 2374 547 2415 frustratus?
610 2372 754 2413 Deum
793 2370 978 2425 quilibet
1015 2369 1161 2424 opifex
1200 2368 1472 2409 Christianus
1511 2372 1555 2409 et
1591 2368 1761 2409 inuenit
1799 2373 1843 2408 et

284 2451 479 2493 ostendit
510 2455 554 2491 et
585 2449 741 2490 exinde
771 2454 917 2490 totum
950 2447 1068 2502 quod
1099 2447 1143 2488 in
1175 2447 1305 2487 deum
1338 2446 1563 2500 quaeritur
1592 2460 1637 2487 re
1668 2460 1843 2501 quoque
1862 2462 1910 2494 30

285 2531 510 2581 adsignat3
551 2530 653 2570 licet
676 2529 803 2569 Plato
828 2528 1032 2568 adfirmet
1055 2526 1354 2567 factitatorem
1379 2525 1679 2566 uniuersitatis
1701 2538 1843 2579 neque

284 2608 468 2648 inueniri
523 2607 690 2647 facilem
737 2611 780 2646 et
816 2605 1047 2645 inuentum
1093 2603 1282 2644 enarrari
1326 2603 1369 2643 in
1415 2616 1565 2645 omnes
1608 2602 1840 2643 difficilem.

284 2684 486 2727 Ceterum
526 2685 559 2725 si
599 2684 652 2725 de
685 2683 897 2738 pudicitia
929 2696 1229 2737 prouocemus,
1263 2681 1356 2735 lego
1391 2686 1559 2735 partem
1599 2680 1842 2722 sententiae

285 2763 473 2811 Atticae.
498 2763 540 2802 in
561 2762 785 2802 Socratem
806 2766 1105 2815 corruptorem
1126 2760 1469 2801 adolescentium
1489 2759 1839 2814 pronuntiatum.
