1975 3306
286 202 339 242 36
865 201 1271 243 TERTVLLIANI

285 316 421 370 pueri.
482 316 606 357 Haec
630 316 675 357 in
702 316 828 357 uobis
856 330 947 357 esse
973 317 1007 358 si
1035 316 1380 367 consideraretis,
1409 317 1591 372 proinde
1616 317 1661 358 in
1688 316 1851 358 Christ-

284 393 395 435 ianis
422 409 510 435 non
539 408 630 435 esse
658 394 972 450 perspiceretis.
1034 394 1160 436 Idem
1188 395 1300 436 oculi
1328 395 1656 436 renuntiassent
1682 399 1850 436 utrum-

286 487 383 527 que.
446 473 531 515 Sed
555 474 781 515 caecitatis
806 473 920 515 duae
944 474 1107 528 species
1132 473 1259 514 facile
1282 478 1562 523 concurrunt,
1589 478 1640 514 ut
1664 472 1739 528 qui
1763 486 1851 513 non

285 551 441 593 uident
474 567 587 608 quae
620 558 738 603 sunt,
774 552 923 594 uidere
956 552 1193 593 uideantur
1227 566 1339 606 quae
1372 566 1461 593 non
1494 557 1611 594 sunt.
1673 551 1742 593 Sic
1776 565 1852 606 per

285 630 432 672 omnia
464 631 709 672 ostendam.
771 630 986 674 Nuncvde
1017 629 1391 671 manifestioribus
1422 629 1579 671 dicam.
1870 644 1894 676 5

369 770 443 812 10.
502 771 633 822 Deos,
660 771 856 826 inquitis,
885 786 974 812 non
1000 770 1154 820 colitis,
1184 776 1228 811 et
1253 785 1331 825 pro
1356 769 1698 825 imperatoribus
1723 770 1850 811 sacri-

284 848 382 890 ficia
414 864 504 891 non
537 850 742 905 penditis.
805 850 1013 905 Sequitur
1045 854 1098 890 ut
1131 848 1285 890 eadem
1318 848 1489 889 ratione
1523 862 1601 903 pro
1635 848 1730 889 aliis
1762 862 1851 889 non

284 927 589 979 sacrificemus,
618 929 721 984 quia
746 943 826 970 nec
851 943 929 984 pro
955 928 1082 970 nobis
1106 927 1224 983 ipsis,
1252 927 1385 968 semel
1411 926 1514 968 deos
1539 941 1628 968 non
1654 927 1848 968 colendo.

284 1006 444 1062 Itaque
477 1007 687 1063 sacrilegii
721 1013 766 1049 et
798 1007 1043 1048 maiestatis
1075 1006 1136 1047 rei
1169 1005 1467 1047 conuenimur.
1529 1005 1711 1047 Summa
1744 1005 1852 1047 haec
1879 1046 1882 1049 .

284 1097 428 1134 causa,
461 1084 597 1126 immo
629 1090 726 1126 tota
759 1090 836 1135 est,
872 1089 916 1125 et
945 1084 1101 1139 utique
1132 1083 1264 1138 digna
1296 1083 1509 1139 cognosci,
1543 1083 1578 1124 si
1608 1098 1697 1124 non
1728 1097 1849 1138 prae·
1872 1103 1919 1126 10

283 1162 477 1217 sumptio
501 1168 580 1204 aut
601 1163 813 1218 iniquitas
834 1163 1012 1212 iudicet,
1037 1162 1176 1203 altera
1199 1176 1312 1217 quae
1334 1161 1552 1216 desperat,
1577 1162 1715 1203 altera
1739 1175 1851 1216 quae

284 1245 458 1281 recusat
483 1241 733 1282 ueritatem.
795 1241 912 1282 Deos
938 1245 1109 1282 uestros
1135 1239 1273 1281 colere
1299 1240 1538 1282 desinimus
1564 1254 1617 1281 ex
1644 1254 1730 1295 quo
1756 1239 1851 1281 illos

284 1332 373 1358 non
411 1332 502 1359 esse
539 1319 854 1374 cognoscimus.
916 1318 1014 1359 Hoc
1050 1318 1184 1373 igitur
1222 1318 1391 1373 exigere
1428 1317 1611 1368 debetis,
1650 1317 1717 1359 uti
1754 1332 1851 1373 pro-

284 1395 439 1437 bemus
467 1411 556 1437 non
587 1411 678 1438 esse
706 1397 802 1438 illos
831 1397 948 1447 deos,
981 1402 1026 1438 et
1053 1396 1214 1437 idcirco
1243 1411 1332 1437 non
1362 1395 1579 1446 colendos,
1611 1396 1715 1450 quia
1744 1401 1851 1437 tunc

285 1472 464 1514 demum
503 1474 584 1515 coli
623 1473 890 1521 debuissent,
931 1474 966 1515 si
1005 1474 1074 1515 dei
1112 1474 1311 1515 fuissent.
1374 1473 1496 1515 Tunc
1534 1478 1579 1515 et
1617 1473 1850 1515 Christiani
1873 1491 1917 1523 15

284 1551 508 1606 puniendi,
530 1553 564 1593 si
584 1567 694 1607 quos
712 1567 796 1593 non
819 1553 1024 1603 colerent,
1046 1552 1149 1607 quja
1168 1558 1379 1607 putarent
1396 1567 1485 1594 non
1504 1567 1607 1603 esse,
1629 1557 1851 1594 constaret

283 1630 379 1671 illos
407 1630 512 1672 deos
541 1645 644 1672 esse.
706 1631 791 1672 Sed
819 1631 958 1681 nobis,
988 1630 1185 1685 inquitis,
1217 1630 1286 1672 dei
1314 1636 1431 1672 sunt.
1493 1630 1779 1686 Appellamus
1808 1636 1851 1670 et

284 1723 576 1763 prouocamus
600 1725 624 1760 a
648 1709 775 1751 uobis
798 1710 855 1759 assd
879 1709 1193 1751 conscientiam
1216 1714 1433 1750 uestram:
1474 1709 1543 1750 illa
1570 1724 1649 1751 nos
1671 1709 1847 1759 iudicet,

283 1787 356 1827 illa
393 1801 473 1828 nos
510 1787 704 1837 damnet,
744 1788 779 1829 si
816 1787 981 1842 poterit
1015 1801 1174 1842 negare
1210 1801 1361 1828 omnes
1396 1787 1505 1828 istos
1541 1787 1645 1829 deos
1681 1793 1850 1829 uestros

284 1865 483 1906 homines
511 1865 656 1907 fuisse.
719 1865 762 1907 Si
792 1870 837 1906 et
864 1865 959 1920 ipsa
988 1864 1155 1906 inficias
1184 1864 1295 1914 ierit,
1327 1864 1381 1904 de
1410 1865 1498 1905 suis
1527 1865 1849 1919 antiquitatum
1870 1885 1919 1908 20

282 1944 588 1985 instrumentis
627 1945 889 1994 reuincetur,
932 1944 986 1985 de
1026 1943 1185 1998 quibus
1226 1957 1297 1984 eos
1337 1943 1504 1993 didicit,
1546 1944 1849 1985 testimonium

284 2021 616 2076 perhibentibus
641 2022 698 2063 ad
723 2022 984 2063 hodiernum
1009 2027 1054 2063 et
1078 2021 1335 2063 ciuitatibus
1358 2022 1402 2063 in
1428 2021 1588 2076 quibus
1611 2022 1706 2064 nati
1730 2028 1846 2072 sunt,

283 2105 329 2141 et
355 2099 603 2155 regionibus
629 2100 674 2141 in
703 2100 862 2155 quibus
891 2099 1057 2154 aliquid
1083 2100 1253 2154 operati
1280 2100 1465 2156 uestigia
1492 2100 1775 2155 reliquerunt,
1804 2101 1848 2142 in

284 2178 443 2232 quibus
474 2178 607 2219 etiam
638 2178 799 2233 sepulti
829 2178 1202 2220 demonstrantur.
1264 2178 1393 2219 Nunc
1423 2192 1522 2233 ergo
1552 2192 1629 2233 per
1657 2179 1848 2234 singulos

283 2255 525 2306 decurram,
566 2261 636 2298 tot
674 2270 723 2297 ac
762 2261 926 2305 tantos,
965 2271 1117 2306 nouos,
1158 2262 1341 2306 ueteres,
1381 2256 1604 2306 barbaros,
1645 2255 1845 2305 Graecos,
1867 2276 1934 2307 25*

283 2334 521 2384 Romanos,
546 2335 807 2389 peregrinos,
832 2335 1045 2389 captiuos,
1070 2335 1318 2390 adoptiuos,
1343 2335 1553 2390 proprios,
1579 2348 1844 2385 communes,

283 2415 511 2464 masculos,
568 2415 765 2465 feminas,
821 2415 1020 2465 rusticos,
1076 2415 1280 2465 urbanos,
1335 2414 1549 2465 nauticos,
1605 2414 1842 2456 militares?

285 2493 485 2535 Otiosum
510 2501 576 2536 est
599 2495 733 2536 etiam
756 2495 910 2550 titulos
933 2496 1146 2550 persequi,
1172 2501 1223 2537 ut
1246 2495 1446 2553 colligam
1467 2495 1513 2536 in
1536 2495 1843 2550 conpendium,

283 2581 327 2617 et
364 2576 445 2616 hoc
482 2591 571 2617 non
609 2591 695 2631 quo
734 2578 1019 2632 cognoscatis,
1059 2577 1135 2618 sed
1172 2577 1505 2632 recognoscatis.
1566 2576 1692 2618 Certe
1729 2577 1843 2618 enim

281 2655 442 2697 oblitos
474 2656 615 2711 agitis.
677 2657 794 2698 Ante
827 2656 1068 2698 Saturnum
1100 2657 1208 2698 deus
1239 2671 1371 2712 penes
1403 2671 1482 2698 uos
1512 2671 1641 2698 nemo
1674 2662 1752 2707 est,
1787 2657 1842 2699 ab
1862 2675 1913 2707 30

279 2738 352 2778 illo
387 2752 541 2779 census
575 2738 713 2779 totius
747 2738 815 2779 uel
851 2739 1033 2793 potioris
1068 2744 1112 2780 et
1145 2738 1328 2780 notioris
1362 2738 1622 2779 diuinitatis.
1684 2737 1844 2792 Itaque

281 2817 399 2872 quod
439 2817 492 2857 de
532 2817 695 2871 origine
735 2818 995 2868 constiterit,
1037 2818 1081 2859 id
1122 2824 1166 2873 et
1205 2818 1258 2859 de
1297 2817 1558 2872 posteritate
1597 2817 1841 2859 conueniet.

280 2897 521 2939 Saturnum
548 2897 712 2952 itaque,
742 2898 776 2939 si
806 2904 1024 2952 quantum
1052 2899 1225 2940 litterae
1252 2898 1425 2948 docent,
1454 2911 1597 2952 neque
1623 2897 1843 2939 Diodorus
