1975 3306
277 174 330 213 52
855 171 1259 213 TERTVLLIANI

275 286 442 328 ludicra
474 287 560 328 ista
592 286 693 328 sint.
755 286 957 328 Ceterum
991 287 1025 328 si
1058 287 1259 337 adiciam,
1295 301 1408 342 quae
1439 301 1528 348 non
1560 287 1705 328 minus
1737 300 1837 328 con-

275 361 483 402 scientiae
515 361 711 402 omnium
743 367 1066 416 recognoscent,
1101 361 1146 402 in
1178 361 1354 416 templis
1386 361 1602 403 adulteria
1634 361 1835 416 conponi,

276 435 390 476 inter
416 449 513 476 aras
538 435 752 475 lenocinia
779 435 973 485 tractari,
1002 435 1047 476 in
1072 435 1178 490 ipsis
1201 435 1461 491 ⁴plerumque
1488 436 1766 477 aedituorum
1793 440 1838 476 et

276 509 554 550 sacerdotum
574 509 868 550 tabernaculis
887 509 968 551 sub
987 509 1126 551 isdem
1146 510 1272 551 uittis
1292 516 1336 551 et
1354 510 1552 565 apicibus
1569 516 1615 552 et
1633 510 1836 566 purpuris

277 583 405 624 thure
430 583 643 638 flagrante
667 583 894 625 libidinem
920 585 1123 640 expungi,
1151 585 1309 635 nescio,
1337 599 1391 626 ne
1415 585 1514 640 plus
1539 585 1592 627 de
1617 585 1743 627 uobis
1768 585 1836 626 dei
1857 592 1878 623 5

276 659 410 699 uestri
431 673 564 713 quam
584 658 638 699 de
657 658 914 700 Christianis
934 664 1188 714 querantur.
1250 660 1375 702 Certe
1394 661 1588 716 sacrilegi
1607 660 1661 702 de
1680 660 1837 702 uestris

276 752 445 792 semper
473 738 878 793 adprehenduntur.
939 738 1174 780 Christiani
1203 739 1318 780 enim
1347 739 1512 794 templa
1540 753 1619 780 nec
1646 739 1838 781 interdiu

276 822 461 866 norunt3
507 816 746 870 spoliarent
774 816 959 857 forsitan
987 830 1037 858 ea
1067 822 1111 858 et
1137 817 1233 872 ipsi,
1264 817 1299 858 si
1328 822 1372 858 et
1398 817 1481 872 ipsi
1510 831 1559 858 ea
1588 817 1835 858 adorarent.

278 893 392 943 Quid
420 908 518 949 ergo
547 894 698 936 colunt
725 895 799 949 qui
827 895 933 936 talia
960 909 1049 936 non
1077 895 1254 936 colunt?
1318 895 1415 936 Iam
1443 895 1621 950 quidem
1646 895 1836 949 intellegi

277 972 474 1014 subiacet
494 973 695 1014 ueritatis
716 987 806 1014 esse
827 973 1015 1015 cultores
1035 973 1110 1028 qui
1130 973 1347 1014 mendacii
1366 987 1454 1014 non
1475 973 1575 1024 sint,
1598 987 1677 1014 nec
1698 987 1837 1013 errare
1862 988 1906 1011 10

277 1052 465 1106 amplius
500 1052 544 1093 in
582 1066 631 1093 eo
668 1052 713 1093 in
751 1067 838 1107 quo
875 1065 1039 1093 errasse
1075 1065 1120 1092 se
1155 1051 1504 1107 recognoscendo
1541 1057 1835 1092 cessauerunt.

276 1130 372 1171 Hoc
409 1131 528 1186 prius
563 1132 707 1186 capite
743 1137 788 1173 et
822 1145 997 1172 omnem
1034 1130 1134 1171 hinc
1169 1130 1432 1171 sacramenti
1467 1130 1605 1171 nostri
1641 1130 1836 1171 ordinem

277 1209 460 1259 haurite,
493 1210 754 1264 repercussis
785 1214 888 1250 ante
918 1214 1069 1250 tamen
1099 1208 1378 1264 opinionibus
1407 1209 1540 1250 falsis.

362 1376 434 1418 16.
495 1376 610 1418 Nam
644 1382 700 1427 et,
734 1382 786 1418 ut
817 1376 1011 1432 quidam,
1046 1376 1296 1417 somniastis
1329 1381 1464 1430 caput
1495 1376 1714 1417 asininum
1747 1390 1837 1417 esse

277 1453 407 1495 deum
432 1461 645 1496 nostrum.
706 1455 836 1497 Hanc
860 1455 1083 1496 Cornelius
1107 1455 1285 1496 Tacitus
1309 1455 1600 1509 suspicionem
1625 1454 1837 1495 eiusmodi
1860 1471 1905 1502 15

276 1532 343 1573 dee?
378 1533 572 1575 inseruit.
635 1534 679 1575 Is
716 1534 831 1574 enim
867 1534 912 1575 in
949 1533 1105 1588 quinta
1143 1533 1423 1574 historiarum
1459 1548 1638 1574 suarum
1676 1533 1836 1574 bellum

277 1610 508 1651 Iudaicum
537 1625 715 1652 exorsus
743 1611 798 1652 ab
827 1611 990 1666 origine
1017 1611 1159 1666 gentis
1188 1611 1321 1652 etiam
1349 1611 1402 1652 de
1429 1611 1524 1665 ipsa
1552 1616 1646 1652 tam
1674 1611 1837 1665 origine

278 1703 411 1743 quam
439 1689 493 1730 de
519 1690 695 1731 nomine
724 1696 768 1731 et
794 1690 998 1745 religione
1025 1690 1167 1745 gentis
1194 1703 1306 1744 quae
1334 1689 1476 1730 uoluit
1502 1693 1836 1743 argumentatus

278 1766 465 1807 Iudaeos
502 1767 635 1808 refert
671 1768 874 1823 Aegypto
914 1768 1142 1822 expeditos
1179 1767 1284 1816 siue,
1324 1772 1375 1808 ut
1412 1766 1602 1822 putauit,
1644 1771 1836 1807 extorres

278 1845 415 1886 uastis
441 1845 629 1886 Arabiae
653 1846 698 1886 in
723 1846 828 1887 locis
853 1860 1069 1900 aquarum
1096 1845 1395 1901 egentissimis,
1424 1860 1523 1886 cum
1549 1845 1620 1886 siti
1646 1859 1835 1886 macera·
1857 1861 1906 1884 20

277 1928 440 1973 rentur,
459 1924 643 1979 onagris,
663 1924 737 1978 qui
755 1924 867 1965 forte
884 1924 937 1964 de
953 1930 1085 1978 pastu
1100 1929 1257 1978 potum
1273 1923 1455 1978 petituri
1471 1922 1833 1972 aestimabantur,

276 2001 493 2042 indicibus
520 2002 655 2043 fontis
682 2016 782 2043 usos
810 2002 865 2043 ob
895 2016 991 2042 eam
1019 2002 1206 2056 gratiam
1235 2001 1469 2042 consimilis
1495 2001 1662 2043 bestiae
1689 2016 1835 2056 super-

276 2079 418 2121 ficiem
451 2094 735 2122 consecrasse.
796 2081 944 2135 Atque
975 2080 1039 2121 ita
1071 2080 1173 2121 inde
1205 2085 1539 2135 praesumptum
1572 2080 1726 2135 opinor
1757 2095 1836 2121 nos

277 2173 451 2213 quoque
496 2165 548 2201 ut
591 2160 798 2201 Iudaicae
843 2158 1060 2214 religionis
1104 2159 1373 2213 propinquos
1419 2158 1559 2199 eidem
1604 2158 1834 2200 simulacro

276 2237 452 2279 initiari.
514 2238 574 2279 At
591 2239 704 2279 enim
720 2238 837 2279 idem
855 2237 1076 2279 Cornelius
1093 2237 1283 2287 Tacitus,
1302 2252 1406 2278 sane
1420 2238 1491 2278 ille
1506 2238 1833 2279 mendaciorum
1855 2256 1874 2278 2
1879 2256 1902 2288 5

278 2314 621 2369 loquacissimus,
645 2316 690 2357 in
713 2316 865 2357 eadem
889 2315 1069 2356 historia
1090 2315 1223 2356 refert
1245 2314 1415 2356 Gneum
1438 2315 1709 2370 Pompeium,
1735 2329 1832 2356 cum

278 2393 552 2435 Hierusalem
578 2395 763 2449 cepisset
787 2400 1107 2449 proptereaque
1132 2394 1347 2449 templum
1372 2394 1536 2435 adisset
1559 2393 1834 2448 speculandis

278 2471 484 2513 Iudaicae
516 2474 731 2529 religionis
764 2474 945 2524 arcanis,
981 2473 1149 2514 nullum
1182 2473 1268 2514 illic
1299 2472 1506 2527 reperisse
1537 2472 1831 2514 simulacrum.

279 2550 339 2591 Et
362 2551 527 2605 utique,
554 2552 588 2593 si
612 2552 656 2593 id
682 2552 907 2594 colebatur
931 2552 1049 2607 quod
1073 2552 1221 2606 aliqua
1246 2550 1382 2605 effigie
1406 2550 1830 2605 repraesentabatur,

278 2641 496 2682 nusquam
529 2630 667 2683 magis
700 2645 833 2685 quam
866 2631 909 2672 in
943 2629 1130 2671 sacrario
1162 2642 1240 2669 suo
1274 2627 1563 2677 exhiberetur,
1599 2641 1647 2668 eo
1680 2629 1830 2683 magis,
1854 2646 1903 2678 30

279 2706 382 2760 quia
400 2721 479 2747 nec
496 2707 732 2749 uerebatur
751 2714 981 2750 extraneos
1000 2708 1200 2757 arbitros,
1222 2720 1492 2761 quamquam
1511 2720 1626 2746 uana
1646 2707 1830 2749 cultura.

280 2783 388 2824 Solis
441 2784 555 2825 enim
607 2786 907 2828 sacerdotibus
958 2786 1077 2827 adire
1127 2785 1319 2834 licitum;
1389 2783 1522 2825 etiam
1575 2789 1833 2838 conspectus

280 2865 521 2902 ceterorum
577 2862 674 2903 uelo
729 2877 926 2918 oppanso
980 2861 1337 2904 interdicebatur.
1397 2860 1486 2902 Vos
1541 2866 1690 2902 tamen
1745 2875 1833 2903 non
