<?xml version="1.0" encoding="UTF-8"?>
<!DOCTYPE html PUBLIC "-//W3C//DTD XHTML 1.0 Transitional//EN"
    "http://www.w3.org/TR/xhtml1/DTD/xhtml1-transitional.dtd">
<html xmlns="http://www.w3.org/1999/xhtml" xml:lang="en" lang="en">
 <head>
  <title>
</title>
<meta http-equiv="Content-Type" content="text/html;charset=utf-8" />
  <meta name='ocr-system' content='tesseract 3.04.00' />
  <meta name='ocr-capabilities' content='ocr_page ocr_carea ocr_par ocr_line ocrx_word'/>
</head>
<body>
  <div class='ocr_page' id='page_1' title='image "./qseptimiflorenti00tert_0467.png"; bbox 0 0 1975 3306; ppageno 0'>
   <div class='ocr_carea' id='block_1_1' title="bbox 109 123 1673 185">
    <p class='ocr_par' dir='ltr' id='par_1_1' title="bbox 109 123 1673 185">
     <span class='ocr_line' id='line_1_1' title="bbox 109 123 1673 185; baseline -0.006 -13"><span class='ocrx_word' id='word_1_1' title='bbox 109 143 152 185; x_wconf 92' lang='lat' dir='ltr'><em>p.</em></span> <span class='ocrx_word' id='word_1_2' title='bbox 181 130 311 172; x_wconf 84' lang='grc'>1301.</span> <span class='ocrx_word' id='word_1_3' title='bbox 339 130 406 183; x_wconf 88' lang='lat'><em>17]</em></span> <span class='ocrx_word' id='word_1_4' title='bbox 625 126 1070 170; x_wconf 75' lang='lat' dir='ltr'>APOLOGETICVS</span> <span class='ocrx_word' id='word_1_5' title='bbox 1102 128 1157 168; x_wconf 87' lang='grc'><em>46</em></span> <span class='ocrx_word' id='word_1_6' title='bbox 1591 123 1673 164; x_wconf 85' lang='grc'><em>443</em></span> 
     </span>
    </p>
   </div>
   <div class='ocr_carea' id='block_1_2' title="bbox 105 239 1747 2885">
    <p class='ocr_par' dir='ltr' id='par_1_2' title="bbox 107 239 1742 928">
     <span class='ocr_line' id='line_1_2' title="bbox 199 239 1675 301; baseline -0.005 -14"><span class='ocrx_word' id='word_1_7' title='bbox 199 260 238 301; x_wconf 87' lang='lat' dir='ltr'><em>p.</em></span> <span class='ocrx_word' id='word_1_8' title='bbox 264 247 347 287; x_wconf 85' lang='lat'><em>130</em></span> <span class='ocrx_word' id='word_1_9' title='bbox 380 245 404 286; x_wconf 91' lang='lat' dir='ltr'><strong>l.</strong></span> <span class='ocrx_word' id='word_1_10' title='bbox 429 247 453 285; x_wconf 81' lang='lat'><strong>9</strong></span> <span class='ocrx_word' id='word_1_11' title='bbox 488 254 720 285; x_wconf 76' lang='lat' dir='ltr'>DIOGENES</span> <span class='ocrx_word' id='word_1_12' title='bbox 754 242 818 283; x_wconf 73' lang='lat' dir='ltr'><em>Do</em></span> <span class='ocrx_word' id='word_1_13' title='bbox 854 241 956 282; x_wconf 74' lang='lat' dir='ltr'><strong>Pall.</strong></span> <span class='ocrx_word' id='word_1_14' title='bbox 980 243 1007 281; x_wconf 88' lang='lat'>4</span> <span class='ocrx_word' id='word_1_15' title='bbox 1037 256 1077 297; x_wconf 91' lang='lat' dir='ltr'><em>p.</em></span> <span class='ocrx_word' id='word_1_16' title='bbox 1100 256 1153 281; x_wconf 82' lang='lat'><em>111.</em></span> <span class='ocrx_word' id='word_1_17' title='bbox 1176 242 1212 291; x_wconf 93' lang='lat'><em>(1</em></span> <span class='ocrx_word' id='word_1_18' title='bbox 1242 241 1326 282; x_wconf 79' lang='lat'><em>940</em></span> <span class='ocrx_word' id='word_1_19' title='bbox 1353 239 1533 287; x_wconf 75' lang='lat' dir='ltr'><em>Oehler)</em></span> <span class='ocrx_word' id='word_1_20' title='bbox 1565 239 1675 294; x_wconf 75' lang='lat' dir='ltr'><em>quod</em></span> 
     </span>
     <span class='ocr_line' id='line_1_3' title="bbox 110 308 1676 365; baseline -0.006 -9"><span class='ocrx_word' id='word_1_21' title='bbox 110 315 149 356; x_wconf 76' lang='lat' dir='ltr'><em>si</em></span> <span class='ocrx_word' id='word_1_22' title='bbox 176 315 268 356; x_wconf 85' lang='lat' dir='ltr'><em>iam</em></span> <span class='ocrx_word' id='word_1_23' title='bbox 297 321 392 356; x_wconf 74' lang='lat' dir='ltr'><em>tunc</em></span> <span class='ocrx_word' id='word_1_24' title='bbox 420 314 606 355; x_wconf 73' lang='lat' dir='ltr'><em>Iocorum</em></span> <span class='ocrx_word' id='word_1_25' title='bbox 638 311 848 365; x_wconf 70' lang='lat' dir='ltr'><em>Dioyenes</em></span> <span class='ocrx_word' id='word_1_26' title='bbox 876 310 926 352; x_wconf 85' lang='lat' dir='ltr'><em>de</em></span> <span class='ocrx_word' id='word_1_27' title='bbox 955 310 1068 352; x_wconf 80' lang='lat' dir='ltr'><em>dolio</em></span> <span class='ocrx_word' id='word_1_28' title='bbox 1098 310 1289 358; x_wconf 75' lang='lat' dir='ltr'><em>latraret,</em></span> <span class='ocrx_word' id='word_1_29' title='bbox 1314 324 1393 350; x_wconf 88' lang='lat' dir='ltr'><em>non</em></span> <span class='ocrx_word' id='word_1_30' title='bbox 1419 308 1676 350; x_wconf 73' lang='lat' dir='ltr'><em>caenulentz&#39;s</em></span> 
     </span>
     <span class='ocr_line' id='line_1_4' title="bbox 107 376 1676 440; baseline -0.005 -14"><span class='ocrx_word' id='word_1_31' title='bbox 107 384 297 440; x_wconf 73' lang='lat' dir='ltr'><em>pedibus,</em></span> <span class='ocrx_word' id='word_1_32' title='bbox 338 390 384 425; x_wconf 74' lang='lat' dir='ltr'><em>ut</em></span> <span class='ocrx_word' id='word_1_33' title='bbox 431 383 516 424; x_wconf 75' lang='lat' dir='ltr'><em>tori</em></span> <span class='ocrx_word' id='word_1_34' title='bbox 556 382 775 423; x_wconf 75' lang='lat' dir='ltr'><em>Platonici</em></span> <span class='ocrx_word' id='word_1_35' title='bbox 824 381 972 429; x_wconf 73' lang='lat' dir='ltr'><em>sciant,</em></span> <span class='ocrx_word' id='word_1_36' title='bbox 1015 379 1310 422; x_wconf 74' lang='lat' dir='ltr'><em>&lt;insultasset</em></span> <span class='ocrx_word' id='word_1_37' title='bbox 1353 378 1514 420; x_wconf 71' lang='lat' dir='ltr'><em>Oehier</em></span> <span class='ocrx_word' id='word_1_38' title='bbox 1535 389 1567 419; x_wconf 93' lang='lat'>&gt;</span> <span class='ocrx_word' id='word_1_39' title='bbox 1603 376 1676 419; x_wconf 88' lang='lat' dir='ltr'><em>sed</em></span> 
     </span>
     <span class='ocr_line' id='line_1_5' title="bbox 112 448 1675 507; baseline -0.004 -12"><span class='ocrx_word' id='word_1_40' title='bbox 112 454 280 495; x_wconf 86' lang='lat' dir='ltr'><em>omnino</em></span> <span class='ocrx_word' id='word_1_41' title='bbox 325 459 455 495; x_wconf 76' lang='lat' dir='ltr'><em>totum</em></span> <span class='ocrx_word' id='word_1_42' title='bbox 497 452 798 507; x_wconf 78' lang='lat' dir='ltr'><em>Empedoclem</em></span> <span class='ocrx_word' id='word_1_43' title='bbox 840 452 881 491; x_wconf 77' lang='lat' dir='ltr'><em>in</em></span> <span class='ocrx_word' id='word_1_44' title='bbox 927 450 1061 505; x_wconf 72' lang='lat' dir='ltr'><em>adyta</em></span> <span class='ocrx_word' id='word_1_45' title='bbox 1107 449 1410 491; x_wconf 68' lang='lat' dir='ltr'><em>Cloacz&#39;narzmc</em></span> <span class='ocrx_word' id='word_1_46' title='bbox 1452 448 1675 490; x_wconf 74' lang='lat' dir='ltr'><em>detulisset.</em></span> 
     </span>
     <span class='ocr_line' id='line_1_6' title="bbox 112 519 1716 580; baseline -0.004 -15"><span class='ocrx_word' id='word_1_47' title='bbox 112 523 239 580; x_wconf 87' lang='lat' dir='ltr'><strong>Diog.</strong></span> <span class='ocrx_word' id='word_1_48' title='bbox 261 523 403 565; x_wconf 70' lang='lat' dir='ltr'><em>Laert.</em></span> <span class='ocrx_word' id='word_1_49' title='bbox 428 535 476 564; x_wconf 79' lang='lat' dir='ltr'><em>VI</em></span> <span class='ocrx_word' id='word_1_50' title='bbox 505 525 559 564; x_wconf 89' lang='grc'><em>25</em></span> <span class='ocrx_word' id='word_1_51' title='bbox 591 523 705 563; x_wconf 82' lang='lat' dir='ltr'><em>Men.</em></span> <span class='ocrx_word' id='word_1_52' title='bbox 740 524 899 563; x_wconf 83' lang='grc' dir='ltr'>πατῶν</span> <span class='ocrx_word' id='word_1_53' title='bbox 932 520 1069 562; x_wconf 79' lang='grc' dir='ltr'>αὐτοῦ</span> <span class='ocrx_word' id='word_1_54' title='bbox 1102 537 1212 561; x_wconf 87' lang='grc' dir='ltr'>ποτε</span> <span class='ocrx_word' id='word_1_55' title='bbox 1241 519 1486 573; x_wconf 83' lang='grc' dir='ltr'>στρώματα</span> <span class='ocrx_word' id='word_1_56' title='bbox 1519 523 1674 569; x_wconf 82' lang='grc' dir='ltr'>κεκλη-</span> <span class='ocrx_word' id='word_1_57' title='bbox 1696 539 1716 571; x_wconf 87' lang='lat'><strong>5</strong></span> 
     </span>
     <span class='ocr_line' id='line_1_7' title="bbox 111 586 1676 648; baseline -0.002 -14"><span class='ocrx_word' id='word_1_58' title='bbox 111 592 240 638; x_wconf 78' lang='grc' dir='ltr'>κότος</span> <span class='ocrx_word' id='word_1_59' title='bbox 292 593 452 648; x_wconf 77' lang='grc' dir='ltr'>φίλους</span> <span class='ocrx_word' id='word_1_60' title='bbox 503 590 628 647; x_wconf 82' lang='grc' dir='ltr'>παρὰ</span> <span class='ocrx_word' id='word_1_61' title='bbox 677 590 928 639; x_wconf 81' lang='grc' dir='ltr'>Διονυσίου,</span> <span class='ocrx_word' id='word_1_62' title='bbox 974 589 1071 646; x_wconf 77' lang='grc' dir='ltr'>ἔφη,</span> <span class='ocrx_word' id='word_1_63' title='bbox 1114 591 1252 630; x_wconf 81' lang='grc' dir='ltr'>Πατῶ</span> <span class='ocrx_word' id='word_1_64' title='bbox 1301 587 1377 641; x_wconf 85' lang='grc' dir='ltr'><em>νὴν</em></span> <span class='ocrx_word' id='word_1_65' title='bbox 1431 586 1676 631; x_wconf 68' lang='grc' dir='ltr'>Πλάτωνος</span> 
     </span>
     <span class='ocr_line' id='line_1_8' title="bbox 113 656 1677 717; baseline -0.003 -13"><span class='ocrx_word' id='word_1_66' title='bbox 113 662 451 705; x_wconf 82' lang='grc' dir='ltr'>κενοσπουδίαν.</span> <span class='ocrx_word' id='word_1_67' title='bbox 496 661 609 717; x_wconf 80' lang='grc' dir='ltr'>πρὸς</span> <span class='ocrx_word' id='word_1_68' title='bbox 631 660 680 703; x_wconf 78' lang='grc' dir='ltr'><em>ὃν</em></span> <span class='ocrx_word' id='word_1_69' title='bbox 704 659 724 703; x_wconf 90' lang='grc' dir='ltr'>ὁ</span> <span class='ocrx_word' id='word_1_70' title='bbox 750 658 1121 708; x_wconf 67' lang='grc' dir='ltr'>Πλάτων”Οσον,</span> <span class='ocrx_word' id='word_1_71' title='bbox 1142 657 1173 700; x_wconf 79' lang='grc' dir='ltr'>ὦ</span> <span class='ocrx_word' id='word_1_72' title='bbox 1196 658 1411 710; x_wconf 62' lang='grc' dir='ltr'>Διόγενες,</span> <span class='ocrx_word' id='word_1_73' title='bbox 1429 660 1507 699; x_wconf 86' lang='grc' dir='ltr'><em>τοῦ</em></span> <span class='ocrx_word' id='word_1_74' title='bbox 1535 656 1677 713; x_wconf 84' lang='grc' dir='ltr'>τύφου</span> 
     </span>
     <span class='ocr_line' id='line_1_9' title="bbox 113 727 1677 788; baseline -0.004 -14"><span class='ocrx_word' id='word_1_75' title='bbox 113 731 374 788; x_wconf 68' lang='grc' dir='ltr'>διαφαίνεις,</span> <span class='ocrx_word' id='word_1_76' title='bbox 407 731 548 774; x_wconf 81' lang='grc' dir='ltr'>δοκῶν</span> <span class='ocrx_word' id='word_1_77' title='bbox 578 730 639 784; x_wconf 80' lang='grc' dir='ltr'><em>μὴ</em></span> <span class='ocrx_word' id='word_1_78' title='bbox 678 731 980 784; x_wconf 76' lang='grc' dir='ltr'>τετυφῶσθαι.</span> <span class='ocrx_word' id='word_1_79' title='bbox 1044 729 1087 772; x_wconf 82' lang='grc' dir='ltr'><em>οἱ</em></span> <span class='ocrx_word' id='word_1_80' title='bbox 1119 729 1164 770; x_wconf 82' lang='grc' dir='ltr'><em>δέ</em></span> <span class='ocrx_word' id='word_1_81' title='bbox 1200 732 1317 784; x_wconf 89' lang='grc' dir='ltr'>φασι</span> <span class='ocrx_word' id='word_1_82' title='bbox 1349 727 1426 771; x_wconf 73' lang='grc' dir='ltr'><em>τὸν</em></span> <span class='ocrx_word' id='word_1_83' title='bbox 1464 727 1677 782; x_wconf 60' lang='grc' dir='ltr'>Διονγένην</span> 
     </span>
     <span class='ocr_line' id='line_1_10' title="bbox 112 797 1676 854; baseline -0.004 -9"><span class='ocrx_word' id='word_1_84' title='bbox 112 802 265 852; x_wconf 85' lang='grc' dir='ltr'>εἰπεῖν,</span> <span class='ocrx_word' id='word_1_85' title='bbox 299 803 438 843; x_wconf 61' lang='lat' dir='ltr'><em>Han&amp;</em></span> <span class='ocrx_word' id='word_1_86' title='bbox 471 801 548 843; x_wconf 84' lang='grc' dir='ltr'><em>τὸν</em></span> <span class='ocrx_word' id='word_1_87' title='bbox 585 802 835 846; x_wconf 77' lang='grc' dir='ltr'>Πλάτωνος</span> <span class='ocrx_word' id='word_1_88' title='bbox 868 803 1022 854; x_wconf 88' lang='grc' dir='ltr'>τῦφον,</span> <span class='ocrx_word' id='word_1_89' title='bbox 1054 799 1131 841; x_wconf 80' lang='grc' dir='ltr'><em>τὸν</em></span> <span class='ocrx_word' id='word_1_90' title='bbox 1164 798 1207 841; x_wconf 85' lang='grc' dir='ltr'><em>δὲ</em></span> <span class='ocrx_word' id='word_1_91' title='bbox 1241 798 1392 854; x_wconf 84' lang='grc' dir='ltr'>φάναι,</span> <span class='ocrx_word' id='word_1_92' title='bbox 1425 797 1593 854; x_wconf 82' lang='grc' dir='ltr'>Ἑτέρῳ</span> <span class='ocrx_word' id='word_1_93' title='bbox 1626 814 1676 852; x_wconf 58' lang='grc' dir='ltr'><em>’γε</em></span> 
     </span>
     <span class='ocr_line' id='line_1_11' title="bbox 112 870 1742 928; baseline -0.004 -14"><span class='ocrx_word' id='word_1_94' title='bbox 112 870 249 928; x_wconf 86' lang='grc' dir='ltr'>τύφῳ,</span> <span class='ocrx_word' id='word_1_95' title='bbox 283 872 501 926; x_wconf 67' lang='grc' dir='ltr'>Διόνγενες.</span> <span class='ocrx_word' id='word_1_96' title='bbox 1698 885 1742 908; x_wconf 90' lang='lat'><em>10</em></span> 
     </span>
    </p>

    <p class='ocr_par' dir='ltr' id='par_1_3' title="bbox 105 937 1678 1203">
     <span class='ocr_line' id='line_1_12' title="bbox 199 937 1678 997; baseline -0.003 -15"><span class='ocrx_word' id='word_1_97' title='bbox 199 957 240 997; x_wconf 91' lang='lat' dir='ltr'><em>p.</em></span> <span class='ocrx_word' id='word_1_98' title='bbox 264 943 347 983; x_wconf 87' lang='lat'><em>130</em></span> <span class='ocrx_word' id='word_1_99' title='bbox 380 942 404 983; x_wconf 94' lang='lat' dir='ltr'><strong>l.</strong></span> <span class='ocrx_word' id='word_1_100' title='bbox 432 944 485 983; x_wconf 89' lang='grc'><em>10</em></span> <span class='ocrx_word' id='word_1_101' title='bbox 517 952 760 982; x_wconf 85' lang='lat' dir='ltr'><strong>DECVLCAT</strong></span> <span class='ocrx_word' id='word_1_102' title='bbox 802 939 890 981; x_wconf 69' lang='lat' dir='ltr'><strong>Vit.</strong></span> <span class='ocrx_word' id='word_1_103' title='bbox 925 940 1037 981; x_wconf 71' lang='lat' dir='ltr'><strong>Patr.</strong></span> <span class='ocrx_word' id='word_1_104' title='bbox 1077 951 1130 980; x_wconf 91' lang='grc' dir='ltr'><em>ΙΙΙ</em></span> <span class='ocrx_word' id='word_1_105' title='bbox 1168 941 1235 989; x_wconf 82' lang='lat'><em>86,</em></span> <span class='ocrx_word' id='word_1_106' title='bbox 1270 939 1317 980; x_wconf 89' lang='lat' dir='ltr'><em>of</em></span> <span class='ocrx_word' id='word_1_107' title='bbox 1353 938 1571 987; x_wconf 74' lang='lat' dir='ltr'>Zacharia,</span> <span class='ocrx_word' id='word_1_108' title='bbox 1605 937 1678 993; x_wconf 75' lang='lat' dir='ltr'><em>qni</em></span> 
     </span>
     <span class='ocr_line' id='line_1_13' title="bbox 105 1007 1676 1067; baseline -0.003 -14"><span class='ocrx_word' id='word_1_109' title='bbox 105 1011 300 1067; x_wconf 79' lang='lat' dir='ltr'><em>palliam</em></span> <span class='ocrx_word' id='word_1_110' title='bbox 336 1027 461 1053; x_wconf 75' lang='lat' dir='ltr'><em>suam</em></span> <span class='ocrx_word' id='word_1_111' title='bbox 494 1011 686 1066; x_wconf 71' lang='lat' dir='ltr'><em>deposuit</em></span> <span class='ocrx_word' id='word_1_112' title='bbox 719 1010 863 1052; x_wconf 72' lang='lat' dir='ltr'><em>subtus</em></span> <span class='ocrx_word' id='word_1_113' title='bbox 893 1010 1023 1064; x_wconf 76' lang='lat' dir='ltr'><em>pedes</em></span> <span class='ocrx_word' id='word_1_114' title='bbox 1055 1024 1151 1050; x_wconf 79' lang='lat' dir='ltr'><em>suos</em></span> <span class='ocrx_word' id='word_1_115' title='bbox 1186 1015 1223 1050; x_wconf 74' lang='lat' dir='ltr'><em>et</em></span> <span class='ocrx_word' id='word_1_116' title='bbox 1259 1008 1522 1050; x_wconf 74' lang='lat' dir='ltr'><em>concnlcaait</em></span> <span class='ocrx_word' id='word_1_117' title='bbox 1553 1007 1676 1057; x_wconf 72' lang='lat' dir='ltr'><em>illud,</em></span> 
     </span>
     <span class='ocr_line' id='line_1_14' title="bbox 111 1078 1675 1137; baseline -0.003 -13"><span class='ocrx_word' id='word_1_118' title='bbox 111 1088 149 1124; x_wconf 78' lang='lat' dir='ltr'><em>et</em></span> <span class='ocrx_word' id='word_1_119' title='bbox 171 1082 308 1124; x_wconf 65' lang='lat' dir='ltr'><em>dimit:</em></span> <span class='ocrx_word' id='word_1_120' title='bbox 341 1087 349 1101; x_wconf 91' lang='lat'>‘</span> <span class='ocrx_word' id='word_1_121' title='bbox 363 1083 450 1123; x_wconf 79' lang='lat' dir='ltr'><em>nisi</em></span> <span class='ocrx_word' id='word_1_122' title='bbox 471 1082 566 1137; x_wconf 77' lang='lat' dir='ltr'><em>qais</em></span> <span class='ocrx_word' id='word_1_123' title='bbox 576 1081 721 1137; x_wconf 74' lang='lat' dir='ltr'><em>fuerit</em></span> <span class='ocrx_word' id='word_1_124' title='bbox 742 1081 1020 1128; x_wconf 76' lang='lat' dir='ltr'><em>conculcatus,</em></span> <span class='ocrx_word' id='word_1_125' title='bbox 1043 1079 1272 1121; x_wconf 77' lang='lat' dir='ltr'><em>monachas</em></span> <span class='ocrx_word' id='word_1_126' title='bbox 1293 1094 1378 1121; x_wconf 84' lang='lat' dir='ltr'><em>esse</em></span> <span class='ocrx_word' id='word_1_127' title='bbox 1410 1094 1493 1120; x_wconf 89' lang='lat' dir='ltr'><em>non</em></span> <span class='ocrx_word' id='word_1_128' title='bbox 1518 1078 1675 1134; x_wconf 61' lang='lat' dir='ltr'><em>potest)</em></span> 
     </span>
     <span class='ocr_line' id='line_1_15' title="bbox 112 1147 1516 1203; baseline -0.004 -10"><span class='ocrx_word' id='word_1_129' title='bbox 112 1151 205 1193; x_wconf 85' lang='lat' dir='ltr'><em>The</em></span> <span class='ocrx_word' id='word_1_130' title='bbox 227 1151 343 1192; x_wconf 82' lang='lat' dir='ltr'><em>word</em></span> <span class='ocrx_word' id='word_1_131' title='bbox 364 1151 454 1192; x_wconf 82' lang='lat' dir='ltr'><em>also</em></span> <span class='ocrx_word' id='word_1_132' title='bbox 475 1150 521 1191; x_wconf 81' lang='lat' dir='ltr'><em>in</em></span> <span class='ocrx_word' id='word_1_133' title='bbox 539 1150 648 1191; x_wconf 77' lang='lat' dir='ltr'><strong>Plin.</strong></span> <span class='ocrx_word' id='word_1_134' title='bbox 671 1149 757 1190; x_wconf 87' lang='lat' dir='ltr'><em>and</em></span> <span class='ocrx_word' id='word_1_135' title='bbox 780 1150 893 1191; x_wconf 60' lang='lat' dir='ltr'><em>Siai.</em></span> <span class='ocrx_word' id='word_1_136' title='bbox 958 1148 1061 1203; x_wconf 76' lang='lat' dir='ltr'><em>[See</em></span> <span class='ocrx_word' id='word_1_137' title='bbox 1084 1149 1174 1190; x_wconf 83' lang='lat' dir='ltr'><em>also</em></span> <span class='ocrx_word' id='word_1_138' title='bbox 1196 1149 1321 1190; x_wconf 75' lang='lat' dir='ltr'><strong>Thes.</strong></span> <span class='ocrx_word' id='word_1_139' title='bbox 1384 1148 1435 1190; x_wconf 93' lang='lat' dir='ltr'><em>A.</em></span> <span class='ocrx_word' id='word_1_140' title='bbox 1454 1147 1516 1202; x_wconf 85' lang='lat' dir='ltr'><strong>S.]</strong></span> 
     </span>
    </p>

    <p class='ocr_par' dir='ltr' id='par_1_4' title="bbox 111 1218 1741 1417">
     <span class='ocr_line' id='line_1_16' title="bbox 202 1218 1741 1277; baseline -0.004 -15"><span class='ocrx_word' id='word_1_141' title='bbox 202 1237 238 1277; x_wconf 88' lang='lat' dir='ltr'><em>p.</em></span> <span class='ocrx_word' id='word_1_142' title='bbox 266 1224 350 1264; x_wconf 84' lang='lat'><em>130</em></span> <span class='ocrx_word' id='word_1_143' title='bbox 383 1222 406 1263; x_wconf 90' lang='lat'><em>1.</em></span> <span class='ocrx_word' id='word_1_144' title='bbox 433 1224 483 1262; x_wconf 91' lang='grc'><em>11</em></span> <span class='ocrx_word' id='word_1_145' title='bbox 520 1232 827 1262; x_wconf 78' lang='lat' dir='ltr'>PYTHAGORAS</span> <span class='ocrx_word' id='word_1_146' title='bbox 860 1220 1022 1261; x_wconf 86' lang='lat' dir='ltr'><strong>Arnob.</strong></span> <span class='ocrx_word' id='word_1_147' title='bbox 1055 1231 1071 1260; x_wconf 90' lang='lat' dir='ltr'>I</span> <span class='ocrx_word' id='word_1_148' title='bbox 1104 1222 1158 1260; x_wconf 83' lang='lat'><em>40</em></span> <span class='ocrx_word' id='word_1_149' title='bbox 1191 1218 1468 1274; x_wconf 69' lang='lat' dir='ltr'><em>Pythayoras</em></span> <span class='ocrx_word' id='word_1_150' title='bbox 1503 1218 1677 1259; x_wconf 71' lang='lat' dir='ltr'><em>Samius</em></span> <span class='ocrx_word' id='word_1_151' title='bbox 1699 1231 1741 1264; x_wconf 87' lang='lat'><em>15</em></span> 
     </span>
     <span class='ocr_line' id='line_1_17' title="bbox 111 1287 1678 1347; baseline -0.003 -13"><span class='ocrx_word' id='word_1_152' title='bbox 111 1292 347 1347; x_wconf 73' lang='lat' dir='ltr'><em>suspicione</em></span> <span class='ocrx_word' id='word_1_153' title='bbox 379 1291 671 1334; x_wconf 70' lang='lat' dir='ltr'><em>damnationis</em></span> <span class='ocrx_word' id='word_1_154' title='bbox 705 1291 867 1332; x_wconf 72' lang='lat' dir='ltr'><em>iniusta</em></span> <span class='ocrx_word' id='word_1_155' title='bbox 898 1290 1027 1331; x_wconf 73' lang='lat' dir='ltr'><em>uiuus</em></span> <span class='ocrx_word' id='word_1_156' title='bbox 1061 1290 1353 1331; x_wconf 56' lang='lat' dir='ltr'><em>conon-matus*</em></span> <span class='ocrx_word' id='word_1_157' title='bbox 1384 1289 1430 1329; x_wconf 90' lang='lat' dir='ltr'><em>in</em></span> <span class='ocrx_word' id='word_1_158' title='bbox 1456 1287 1570 1344; x_wconf 90' lang='lat' dir='ltr'><em>fano</em></span> <span class='ocrx_word' id='word_1_159' title='bbox 1608 1294 1678 1329; x_wconf 71' lang='lat' dir='ltr'><em>est.</em></span> 
     </span>
     <span class='ocr_line' id='line_1_18' title="bbox 113 1359 1177 1417; baseline -0.002 -15"><span class='ocrx_word' id='word_1_160' title='bbox 113 1361 334 1417; x_wconf 72' lang='lat' dir='ltr'><em>Athenag.</em></span> <span class='ocrx_word' id='word_1_161' title='bbox 365 1364 417 1404; x_wconf 85' lang='lat'><em>31</em></span> <span class='ocrx_word' id='word_1_162' title='bbox 453 1376 492 1417; x_wconf 91' lang='lat' dir='ltr'><em>p.</em></span> <span class='ocrx_word' id='word_1_163' title='bbox 527 1363 612 1402; x_wconf 68' lang='lat'><strong>35³.</strong></span> <span class='ocrx_word' id='word_1_164' title='bbox 674 1359 800 1416; x_wconf 85' lang='lat' dir='ltr'><strong>Diog.</strong></span> <span class='ocrx_word' id='word_1_165' title='bbox 825 1359 967 1401; x_wconf 61' lang='lat' dir='ltr'><em>Laeri.</em></span> <span class='ocrx_word' id='word_1_166' title='bbox 991 1371 1081 1400; x_wconf 85' lang='lat' dir='ltr'>VIII</span> <span class='ocrx_word' id='word_1_167' title='bbox 1104 1360 1177 1400; x_wconf 84' lang='lat'><strong>39.</strong></span> 
     </span>
    </p>

    <p class='ocr_par' dir='ltr' id='par_1_5' title="bbox 116 1427 1679 1544">
     <span class='ocr_line' id='line_1_19' title="bbox 200 1427 1679 1488; baseline -0.004 -15"><span class='ocrx_word' id='word_1_168' title='bbox 200 1447 240 1488; x_wconf 86' lang='lat' dir='ltr'><strong>p.</strong></span> <span class='ocrx_word' id='word_1_169' title='bbox 266 1434 349 1474; x_wconf 86' lang='lat'><em>130</em></span> <span class='ocrx_word' id='word_1_170' title='bbox 372 1432 396 1473; x_wconf 91' lang='lat'><em>1.</em></span> <span class='ocrx_word' id='word_1_171' title='bbox 421 1433 475 1472; x_wconf 81' lang='lat'><em>12</em></span> <span class='ocrx_word' id='word_1_172' title='bbox 507 1441 821 1472; x_wconf 82' lang='lat' dir='ltr'>TYRANNIDEM</span> <span class='ocrx_word' id='word_1_173' title='bbox 849 1439 1118 1470; x_wconf 84' lang='lat' dir='ltr'>AFFECTANT</span> <span class='ocrx_word' id='word_1_174' title='bbox 1141 1427 1326 1480; x_wconf 70' lang='lat' dir='ltr'><strong>Quintil.</strong></span> <span class='ocrx_word' id='word_1_175' title='bbox 1348 1427 1428 1469; x_wconf 84' lang='lat' dir='ltr'><strong>bis.</strong></span> <span class='ocrx_word' id='word_1_176' title='bbox 1480 1427 1679 1482; x_wconf 71' lang='lat' dir='ltr'><em>tyrannis</em></span> 
     </span>
     <span class='ocr_line' id='line_1_20' title="bbox 116 1500 836 1544; baseline -0.004 -1"><span class='ocrx_word' id='word_1_177' title='bbox 116 1500 204 1544; x_wconf 79' lang='lat' dir='ltr'><strong>Cio.</strong></span> <span class='ocrx_word' id='word_1_178' title='bbox 228 1501 324 1543; x_wconf 79' lang='lat' dir='ltr'><strong>Liu.</strong></span> <span class='ocrx_word' id='word_1_179' title='bbox 348 1500 432 1543; x_wconf 89' lang='lat' dir='ltr'><strong>Ou.</strong></span> <span class='ocrx_word' id='word_1_180' title='bbox 453 1500 733 1541; x_wconf 66' lang='lat' dir='ltr'><em>valen-Max.</em></span> <span class='ocrx_word' id='word_1_181' title='bbox 757 1505 836 1541; x_wconf 70' lang='lat' dir='ltr'><strong>(zeb.</strong></span> 
     </span>
    </p>

    <p class='ocr_par' dir='ltr' id='par_1_6' title="bbox 114 1565 1744 1685">
     <span class='ocr_line' id='line_1_21' title="bbox 202 1565 1744 1627; baseline -0.003 -15"><span class='ocrx_word' id='word_1_182' title='bbox 202 1586 245 1627; x_wconf 89' lang='lat' dir='ltr'><strong>p.</strong></span> <span class='ocrx_word' id='word_1_183' title='bbox 268 1573 352 1612; x_wconf 88' lang='lat'><em>130</em></span> <span class='ocrx_word' id='word_1_184' title='bbox 384 1571 409 1612; x_wconf 93' lang='lat' dir='ltr'><strong>l.</strong></span> <span class='ocrx_word' id='word_1_185' title='bbox 435 1571 489 1611; x_wconf 92' lang='grc'><em>13</em></span> <span class='ocrx_word' id='word_1_186' title='bbox 522 1584 638 1625; x_wconf 80' lang='lat' dir='ltr'><strong>supr.</strong></span> <span class='ocrx_word' id='word_1_187' title='bbox 661 1584 694 1610; x_wconf 81' lang='lat' dir='ltr'><em>c.</em></span> <span class='ocrx_word' id='word_1_188' title='bbox 717 1571 772 1611; x_wconf 85' lang='lat'><em>38</em></span> <span class='ocrx_word' id='word_1_189' title='bbox 805 1583 846 1624; x_wconf 90' lang='lat' dir='ltr'><em>p.</em></span> <span class='ocrx_word' id='word_1_190' title='bbox 866 1570 949 1610; x_wconf 89' lang='lat'><em>110</em></span> <span class='ocrx_word' id='word_1_191' title='bbox 982 1568 1007 1610; x_wconf 93' lang='lat' dir='ltr'><strong>l.</strong></span> <span class='ocrx_word' id='word_1_192' title='bbox 1032 1570 1098 1608; x_wconf 93' lang='grc'><em>11.</em></span> <span class='ocrx_word' id='word_1_193' title='bbox 1159 1566 1318 1608; x_wconf 72' lang='lat' dir='ltr'><em>Tabian</em></span> <span class='ocrx_word' id='word_1_194' title='bbox 1353 1569 1404 1607; x_wconf 94' lang='grc'><em>11</em></span> <span class='ocrx_word' id='word_1_195' title='bbox 1429 1581 1492 1621; x_wconf 84' lang='lat' dir='ltr'><strong>pr.</strong></span> <span class='ocrx_word' id='word_1_196' title='bbox 1554 1565 1677 1620; x_wconf 80' lang='lat' dir='ltr'><em>Kaye</em></span> <span class='ocrx_word' id='word_1_197' title='bbox 1697 1584 1744 1608; x_wconf 92' lang='lat'><em>20</em></span> 
     </span>
     <span class='ocr_line' id='line_1_22' title="bbox 114 1640 1080 1685; baseline -0.006 -1"><span class='ocrx_word' id='word_1_198' title='bbox 114 1643 212 1685; x_wconf 83' lang='lat'><strong>342.</strong></span> <span class='ocrx_word' id='word_1_199' title='bbox 274 1641 513 1683; x_wconf 80' lang='lat' dir='ltr'><em>Neumann</em></span> <span class='ocrx_word' id='word_1_200' title='bbox 545 1651 560 1680; x_wconf 94' lang='lat' dir='ltr'>I</span> <span class='ocrx_word' id='word_1_201' title='bbox 595 1641 678 1681; x_wconf 85' lang='grc'>125</span> <span class='ocrx_word' id='word_1_202' title='bbox 711 1654 753 1680; x_wconf 91' lang='lat' dir='ltr'><strong>n.</strong></span> <span class='ocrx_word' id='word_1_203' title='bbox 777 1641 812 1681; x_wconf 91' lang='grc'>1.</span> <span class='ocrx_word' id='word_1_204' title='bbox 857 1640 937 1679; x_wconf 76' lang='lat'><em>241</em></span> <span class='ocrx_word' id='word_1_205' title='bbox 972 1653 1014 1679; x_wconf 89' lang='lat' dir='ltr'><strong>n.</strong></span> <span class='ocrx_word' id='word_1_206' title='bbox 1043 1640 1080 1679; x_wconf 94' lang='lat'><em>4.</em></span> 
     </span>
    </p>

    <p class='ocr_par' dir='ltr' id='par_1_7' title="bbox 115 1705 1679 1906">
     <span class='ocr_line' id='line_1_23' title="bbox 203 1705 1678 1764; baseline -0.005 -11"><span class='ocrx_word' id='word_1_207' title='bbox 203 1721 587 1760; x_wconf 81' lang='lat' dir='ltr'>AEQVANIMITATE</span> <span class='ocrx_word' id='word_1_208' title='bbox 644 1710 712 1751; x_wconf 79' lang='lat' dir='ltr'><em>De</em></span> <span class='ocrx_word' id='word_1_209' title='bbox 764 1709 954 1750; x_wconf 67' lang='lat' dir='ltr'><em>Patienb.</em></span> <span class='ocrx_word' id='word_1_210' title='bbox 1008 1710 1032 1748; x_wconf 91' lang='grc'>2</span> <span class='ocrx_word' id='word_1_211' title='bbox 1075 1723 1138 1764; x_wconf 89' lang='lat' dir='ltr'><strong>pr.</strong></span> <span class='ocrx_word' id='word_1_212' title='bbox 1197 1707 1377 1749; x_wconf 90' lang='lat' dir='ltr'><em>caninae</em></span> <span class='ocrx_word' id='word_1_213' title='bbox 1413 1705 1678 1761; x_wconf 79' lang='lat' dir='ltr'><em>aequanimi-</em></span> 
     </span>
     <span class='ocr_line' id='line_1_24' title="bbox 115 1775 1679 1837; baseline -0.005 -13"><span class='ocrx_word' id='word_1_214' title='bbox 115 1782 217 1825; x_wconf 75' lang='lat' dir='ltr'><em>tatis</em></span> <span class='ocrx_word' id='word_1_215' title='bbox 249 1787 430 1837; x_wconf 76' lang='lat' dir='ltr'><em>stapore.</em></span> <span class='ocrx_word' id='word_1_216' title='bbox 494 1783 520 1822; x_wconf 87' lang='grc'><strong>3</strong></span> <span class='ocrx_word' id='word_1_217' title='bbox 554 1795 596 1837; x_wconf 91' lang='lat' dir='ltr'><em>p.</em></span> <span class='ocrx_word' id='word_1_218' title='bbox 626 1782 654 1820; x_wconf 91' lang='lat'>4</span> <span class='ocrx_word' id='word_1_219' title='bbox 686 1781 712 1821; x_wconf 88' lang='grc'>1.</span> <span class='ocrx_word' id='word_1_220' title='bbox 744 1782 797 1822; x_wconf 86' lang='grc'><em>19</em></span> <span class='ocrx_word' id='word_1_221' title='bbox 829 1779 904 1821; x_wconf 86' lang='lat' dir='ltr'><strong>Kr.</strong></span> <span class='ocrx_word' id='word_1_222' title='bbox 974 1779 1069 1821; x_wconf 78' lang='lat' dir='ltr'><strong>Ter.</strong></span> <span class='ocrx_word' id='word_1_223' title='bbox 1103 1777 1211 1819; x_wconf 77' lang='lat' dir='ltr'><strong>Plin.</strong></span> <span class='ocrx_word' id='word_1_224' title='bbox 1246 1777 1367 1819; x_wconf 72' lang='lat' dir='ltr'><strong>Lacb.</strong></span> <span class='ocrx_word' id='word_1_225' title='bbox 1418 1776 1522 1831; x_wconf 77' lang='lat' dir='ltr'><em>[See</em></span> <span class='ocrx_word' id='word_1_226' title='bbox 1554 1775 1679 1816; x_wconf 79' lang='lat' dir='ltr'><strong>Thes.</strong></span> 
     </span>
     <span class='ocr_line' id='line_1_25' title="bbox 116 1850 252 1906; baseline -0.007 -13"><span class='ocrx_word' id='word_1_227' title='bbox 116 1851 170 1893; x_wconf 95' lang='lat' dir='ltr'><em>A.</em></span> <span class='ocrx_word' id='word_1_228' title='bbox 192 1850 252 1906; x_wconf 82' lang='lat' dir='ltr'><strong>S.]</strong></span> 
     </span>
    </p>

    <p class='ocr_par' dir='ltr' id='par_1_8' title="bbox 207 1915 1743 1975">
     <span class='ocr_line' id='line_1_26' title="bbox 207 1915 1743 1975; baseline -0.006 -12"><span class='ocrx_word' id='word_1_229' title='bbox 207 1931 508 1963; x_wconf 85' lang='lat' dir='ltr'>CONGREDIAR</span> <span class='ocrx_word' id='word_1_230' title='bbox 548 1920 603 1961; x_wconf 86' lang='lat' dir='ltr'><em>ad</em></span> <span class='ocrx_word' id='word_1_231' title='bbox 634 1925 724 1961; x_wconf 70' lang='lat' dir='ltr'><strong>nab.</strong></span> <span class='ocrx_word' id='word_1_232' title='bbox 761 1930 796 1960; x_wconf 92' lang='lat' dir='ltr'><em>II</em></span> <span class='ocrx_word' id='word_1_233' title='bbox 832 1922 854 1959; x_wconf 92' lang='grc'><em>1</em></span> <span class='ocrx_word' id='word_1_234' title='bbox 879 1934 941 1975; x_wconf 83' lang='lat' dir='ltr'><strong>pr.</strong></span> <span class='ocrx_word' id='word_1_235' title='bbox 976 1918 1027 1960; x_wconf 91' lang='lat' dir='ltr'><em>de</em></span> <span class='ocrx_word' id='word_1_236' title='bbox 1061 1918 1149 1960; x_wconf 83' lang='lat' dir='ltr'><em>deis</em></span> <span class='ocrx_word' id='word_1_237' title='bbox 1184 1917 1338 1959; x_wconf 75' lang='lat' dir='ltr'><em>uestris</em></span> <span class='ocrx_word' id='word_1_238' title='bbox 1369 1915 1596 1957; x_wconf 78' lang='lat' dir='ltr'><em>uobiscum.</em></span> <span class='ocrx_word' id='word_1_239' title='bbox 1699 1936 1743 1969; x_wconf 88' lang='lat'><em>25</em></span> 
     </span>
    </p>

    <p class='ocr_par' dir='ltr' id='par_1_9' title="bbox 117 1984 1747 2534">
     <span class='ocr_line' id='line_1_27' title="bbox 205 1984 1680 2048; baseline -0.005 -15"><span class='ocrx_word' id='word_1_240' title='bbox 205 2007 245 2048; x_wconf 93' lang='grc' dir='ltr'><em>Ρ.</em></span> <span class='ocrx_word' id='word_1_241' title='bbox 270 1993 353 2033; x_wconf 85' lang='grc'><em>130</em></span> <span class='ocrx_word' id='word_1_242' title='bbox 385 1992 410 2033; x_wconf 86' lang='lat' dir='ltr'><strong>l.</strong></span> <span class='ocrx_word' id='word_1_243' title='bbox 435 1993 490 2032; x_wconf 84' lang='lat'><em>14</em></span> <span class='ocrx_word' id='word_1_244' title='bbox 523 1990 884 2046; x_wconf 77' lang='grc' dir='ltr'>ἀποκαρτέρησις</span> <span class='ocrx_word' id='word_1_245' title='bbox 916 1989 963 2030; x_wconf 67' lang='lat' dir='ltr'><em>In</em></span> <span class='ocrx_word' id='word_1_246' title='bbox 995 1987 1182 2040; x_wconf 70' lang='lat' dir='ltr'><strong>Quintil.</strong></span> <span class='ocrx_word' id='word_1_247' title='bbox 1213 1998 1302 2028; x_wconf 92' lang='lat' dir='ltr'>VIII</span> <span class='ocrx_word' id='word_1_248' title='bbox 1337 1989 1360 2027; x_wconf 84' lang='lat'>5</span> <span class='ocrx_word' id='word_1_249' title='bbox 1393 1984 1500 2042; x_wconf 65' lang='lat'><em>§23</em></span> <span class='ocrx_word' id='word_1_250' title='bbox 1565 1985 1680 2025; x_wconf 71' lang='lat' dir='ltr'><strong>Tert.</strong></span> 
     </span>
     <span class='ocr_line' id='line_1_28' title="bbox 117 2054 1680 2116; baseline -0.006 -12"><span class='ocrx_word' id='word_1_251' title='bbox 117 2062 233 2113; x_wconf 90' lang='lat' dir='ltr'><strong>Adu.</strong></span> <span class='ocrx_word' id='word_1_252' title='bbox 255 2061 385 2103; x_wconf 82' lang='lat' dir='ltr'><strong>Marc.</strong></span> <span class='ocrx_word' id='word_1_253' title='bbox 408 2073 424 2101; x_wconf 89' lang='lat' dir='ltr'>I</span> <span class='ocrx_word' id='word_1_254' title='bbox 448 2063 503 2102; x_wconf 90' lang='lat'><em>14</em></span> <span class='ocrx_word' id='word_1_255' title='bbox 524 2075 565 2116; x_wconf 94' lang='lat' dir='ltr'><em>p.</em></span> <span class='ocrx_word' id='word_1_256' title='bbox 588 2062 670 2102; x_wconf 81' lang='lat'><em>309</em></span> <span class='ocrx_word' id='word_1_257' title='bbox 695 2060 721 2101; x_wconf 88' lang='lat' dir='ltr'><strong>l.</strong></span> <span class='ocrx_word' id='word_1_258' title='bbox 743 2062 767 2100; x_wconf 90' lang='grc'>2</span> <span class='ocrx_word' id='word_1_259' title='bbox 792 2059 867 2101; x_wconf 84' lang='lat' dir='ltr'><strong>Kr.</strong></span> <span class='ocrx_word' id='word_1_260' title='bbox 922 2058 1239 2114; x_wconf 80' lang='grc' dir='ltr'>ἀποκαρτερῶν</span> <span class='ocrx_word' id='word_1_261' title='bbox 1255 2057 1351 2112; x_wconf 79' lang='lat' dir='ltr'><em>(per</em></span> <span class='ocrx_word' id='word_1_262' title='bbox 1373 2055 1566 2097; x_wconf 86' lang='lat' dir='ltr'><em>inediam</em></span> <span class='ocrx_word' id='word_1_263' title='bbox 1593 2054 1680 2095; x_wconf 86' lang='lat' dir='ltr'><em>dis-</em></span> 
     </span>
     <span class='ocr_line' id='line_1_29' title="bbox 119 2124 1680 2186; baseline -0.006 -12"><span class='ocrx_word' id='word_1_264' title='bbox 119 2132 284 2185; x_wconf 79' lang='lat' dir='ltr'><em>cedens)</em></span> <span class='ocrx_word' id='word_1_265' title='bbox 315 2131 361 2173; x_wconf 88' lang='lat' dir='ltr'><em>in</em></span> <span class='ocrx_word' id='word_1_266' title='bbox 394 2130 482 2173; x_wconf 82' lang='lat' dir='ltr'><em>Cic.</em></span> <span class='ocrx_word' id='word_1_267' title='bbox 508 2131 631 2172; x_wconf 82' lang='lat' dir='ltr'><strong>Tusc.</strong></span> <span class='ocrx_word' id='word_1_268' title='bbox 656 2142 673 2171; x_wconf 94' lang='grc' dir='ltr'>Ι</span> <span class='ocrx_word' id='word_1_269' title='bbox 695 2146 729 2171; x_wconf 83' lang='lat' dir='ltr'><em>c.</em></span> <span class='ocrx_word' id='word_1_270' title='bbox 751 2132 808 2172; x_wconf 87' lang='lat'><em>34</em></span> <span class='ocrx_word' id='word_1_271' title='bbox 836 2128 945 2186; x_wconf 58' lang='lat'><em>584.</em></span> <span class='ocrx_word' id='word_1_272' title='bbox 1007 2129 1057 2170; x_wconf 85' lang='lat' dir='ltr'><em>cf.</em></span> <span class='ocrx_word' id='word_1_273' title='bbox 1090 2127 1262 2169; x_wconf 75' lang='lat' dir='ltr'>Liddell</span> <span class='ocrx_word' id='word_1_274' title='bbox 1294 2127 1380 2168; x_wconf 85' lang='lat' dir='ltr'><em>and</em></span> <span class='ocrx_word' id='word_1_275' title='bbox 1413 2126 1539 2167; x_wconf 67' lang='lat' dir='ltr'><em>Seott</em></span> <span class='ocrx_word' id='word_1_276' title='bbox 1572 2124 1680 2165; x_wconf 81' lang='grc' dir='ltr'>ἀπο-</span> 
     </span>
     <span class='ocr_line' id='line_1_30' title="bbox 119 2196 1681 2257; baseline -0.006 -14"><span class='ocrx_word' id='word_1_277' title='bbox 119 2200 340 2257; x_wconf 86' lang='grc' dir='ltr'>καρτερέω</span> <span class='ocrx_word' id='word_1_278' title='bbox 372 2200 459 2241; x_wconf 89' lang='lat' dir='ltr'><em>and</em></span> <span class='ocrx_word' id='word_1_279' title='bbox 489 2200 574 2241; x_wconf 80' lang='lat' dir='ltr'><em>add</em></span> <span class='ocrx_word' id='word_1_280' title='bbox 607 2200 721 2241; x_wconf 65' lang='lat' dir='ltr'><strong>Plut.</strong></span> <span class='ocrx_word' id='word_1_281' title='bbox 755 2198 907 2241; x_wconf 81' lang='lat' dir='ltr'><em>Pericl.</em></span> <span class='ocrx_word' id='word_1_282' title='bbox 941 2200 994 2240; x_wconf 94' lang='grc'><em>16</em></span> <span class='ocrx_word' id='word_1_283' title='bbox 1025 2196 1108 2254; x_wconf 68' lang='lat'><em>§4</em></span> <span class='ocrx_word' id='word_1_284' title='bbox 1170 2196 1236 2239; x_wconf 84' lang='lat' dir='ltr'><strong>Cf.</strong></span> <span class='ocrx_word' id='word_1_285' title='bbox 1265 2197 1354 2237; x_wconf 81' lang='lat' dir='ltr'><em>also</em></span> <span class='ocrx_word' id='word_1_286' title='bbox 1386 2210 1460 2250; x_wconf 88' lang='lat' dir='ltr'><em>my</em></span> <span class='ocrx_word' id='word_1_287' title='bbox 1491 2199 1594 2235; x_wconf 67' lang='lat' dir='ltr'><em>nobe</em></span> <span class='ocrx_word' id='word_1_288' title='bbox 1627 2208 1681 2234; x_wconf 86' lang='lat' dir='ltr'><em>on</em></span> 
     </span>
     <span class='ocr_line' id='line_1_31' title="bbox 120 2265 1747 2326; baseline -0.004 -14"><span class='ocrx_word' id='word_1_289' title='bbox 120 2271 232 2312; x_wconf 75' lang='lat' dir='ltr'><strong>Plin.</strong></span> <span class='ocrx_word' id='word_1_290' title='bbox 261 2271 341 2326; x_wconf 89' lang='lat' dir='ltr'><em>Ep.</em></span> <span class='ocrx_word' id='word_1_291' title='bbox 369 2281 424 2311; x_wconf 89' lang='lat' dir='ltr'><em>III</em></span> <span class='ocrx_word' id='word_1_292' title='bbox 456 2269 478 2311; x_wconf 81' lang='lat'>7</span> <span class='ocrx_word' id='word_1_293' title='bbox 510 2268 574 2326; x_wconf 73' lang='lat' dir='ltr'><em>§I</em></span> <span class='ocrx_word' id='word_1_294' title='bbox 610 2269 696 2310; x_wconf 82' lang='lat' dir='ltr'><em>and</em></span> <span class='ocrx_word' id='word_1_295' title='bbox 729 2269 840 2311; x_wconf 79' lang='lat' dir='ltr'><strong>leXX.</strong></span> <span class='ocrx_word' id='word_1_296' title='bbox 869 2284 944 2310; x_wconf 79' lang='lat' dir='ltr'><strong>s.u.</strong></span> <span class='ocrx_word' id='word_1_297' title='bbox 966 2267 1123 2309; x_wconf 78' lang='lat' dir='ltr'><em>inedia.</em></span> <span class='ocrx_word' id='word_1_298' title='bbox 1186 2267 1329 2322; x_wconf 84' lang='lat' dir='ltr'><strong>Supra</strong></span> <span class='ocrx_word' id='word_1_299' title='bbox 1359 2267 1387 2306; x_wconf 95' lang='lat'>4</span> <span class='ocrx_word' id='word_1_300' title='bbox 1419 2280 1457 2321; x_wconf 95' lang='lat' dir='ltr'><em>p.</em></span> <span class='ocrx_word' id='word_1_301' title='bbox 1476 2280 1529 2306; x_wconf 89' lang='lat' dir='ltr'><em>m.</em></span> <span class='ocrx_word' id='word_1_302' title='bbox 1563 2279 1603 2319; x_wconf 90' lang='lat' dir='ltr'><em>p.</em></span> <span class='ocrx_word' id='word_1_303' title='bbox 1627 2265 1679 2305; x_wconf 87' lang='grc'><em>16</em></span> <span class='ocrx_word' id='word_1_304' title='bbox 1701 2282 1747 2314; x_wconf 88' lang='lat'><em>30</em></span> 
     </span>
     <span class='ocr_line' id='line_1_32' title="bbox 120 2333 1682 2394; baseline -0.004 -13"><span class='ocrx_word' id='word_1_305' title='bbox 120 2356 204 2382; x_wconf 58' lang='lat' dir='ltr'><em>&gt;non</em></span> <span class='ocrx_word' id='word_1_306' title='bbox 234 2340 346 2381; x_wconf 85' lang='lat' dir='ltr'><em>enim</em></span> <span class='ocrx_word' id='word_1_307' title='bbox 382 2345 421 2381; x_wconf 74' lang='lat' dir='ltr'><em>et</em></span> <span class='ocrx_word' id='word_1_308' title='bbox 450 2339 587 2394; x_wconf 78' lang='lat' dir='ltr'><em>ipsius</em></span> <span class='ocrx_word' id='word_1_309' title='bbox 622 2338 812 2394; x_wconf 68' lang='lat' dir='ltr'><em>Lycuryi</em></span> <span class='ocrx_word' id='word_1_310' title='bbox 847 2338 955 2394; x_wconf 69' lang='lat' dir='ltr'><em>leyes</em></span> <span class='ocrx_word' id='word_1_311' title='bbox 990 2353 1018 2378; x_wconf 92' lang='lat' dir='ltr'><em>a</em></span> <span class='ocrx_word' id='word_1_312' title='bbox 1053 2335 1405 2379; x_wconf 78' lang='lat' dir='ltr'><em>Lacedaemoniis</em></span> <span class='ocrx_word' id='word_1_313' title='bbox 1435 2333 1682 2376; x_wconf 74' lang='lat' dir='ltr'><em>emendatae</em></span> 
     </span>
     <span class='ocr_line' id='line_1_33' title="bbox 121 2403 1682 2456; baseline -0.005 -4"><span class='ocrx_word' id='word_1_314' title='bbox 121 2416 288 2453; x_wconf 72' lang='lat' dir='ltr'><em>tantum</em></span> <span class='ocrx_word' id='word_1_315' title='bbox 319 2409 484 2451; x_wconf 74' lang='lat' dir='ltr'><em>auctori</em></span> <span class='ocrx_word' id='word_1_316' title='bbox 514 2424 588 2450; x_wconf 81' lang='lat' dir='ltr'><em>suo</em></span> <span class='ocrx_word' id='word_1_317' title='bbox 620 2408 781 2450; x_wconf 79' lang='lat' dir='ltr'><em>doloris</em></span> <span class='ocrx_word' id='word_1_318' title='bbox 811 2408 1086 2456; x_wconf 78' lang='lat' dir='ltr'><em>incusserunt,</em></span> <span class='ocrx_word' id='word_1_319' title='bbox 1111 2412 1158 2447; x_wconf 72' lang='lat' dir='ltr'><em>ut</em></span> <span class='ocrx_word' id='word_1_320' title='bbox 1187 2406 1234 2446; x_wconf 90' lang='lat' dir='ltr'><em>in</em></span> <span class='ocrx_word' id='word_1_321' title='bbox 1264 2419 1423 2447; x_wconf 79' lang='lat' dir='ltr'><em>secessu</em></span> <span class='ocrx_word' id='word_1_322' title='bbox 1453 2404 1601 2445; x_wconf 83' lang='lat' dir='ltr'><em>inedia</em></span> <span class='ocrx_word' id='word_1_323' title='bbox 1631 2403 1682 2444; x_wconf 89' lang='lat' dir='ltr'><em>de</em></span> 
     </span>
     <span class='ocr_line' id='line_1_34' title="bbox 121 2479 639 2534; baseline -0.006 -12"><span class='ocrx_word' id='word_1_324' title='bbox 121 2485 247 2522; x_wconf 72' lang='lat' dir='ltr'><em>semet</em></span> <span class='ocrx_word' id='word_1_325' title='bbox 277 2480 369 2534; x_wconf 79' lang='lat' dir='ltr'><em>ipso</em></span> <span class='ocrx_word' id='word_1_326' title='bbox 400 2479 639 2520; x_wconf 73' lang='lat' dir='ltr'><em>iudicarit?</em></span> 
     </span>
    </p>

    <p class='ocr_par' dir='ltr' id='par_1_10' title="bbox 123 2543 1747 2661">
     <span class='ocr_line' id='line_1_35' title="bbox 210 2543 1680 2605; baseline -0.003 -15"><span class='ocrx_word' id='word_1_327' title='bbox 210 2563 250 2605; x_wconf 87' lang='lat' dir='ltr'><em>p.</em></span> <span class='ocrx_word' id='word_1_328' title='bbox 287 2551 371 2590; x_wconf 85' lang='lat'><em>130</em></span> <span class='ocrx_word' id='word_1_329' title='bbox 414 2549 442 2590; x_wconf 90' lang='lat' dir='ltr'><strong>l.</strong></span> <span class='ocrx_word' id='word_1_330' title='bbox 477 2551 529 2590; x_wconf 87' lang='lat'><em>15</em></span> <span class='ocrx_word' id='word_1_331' title='bbox 573 2559 719 2589; x_wconf 80' lang='lat' dir='ltr'>ETIAM</span> <span class='ocrx_word' id='word_1_332' title='bbox 771 2556 1024 2588; x_wconf 83' lang='lat' dir='ltr'>DAMNATVS</span> <span class='ocrx_word' id='word_1_333' title='bbox 1071 2555 1269 2586; x_wconf 75' lang='lat' dir='ltr'>GRATIAS</span> <span class='ocrx_word' id='word_1_334' title='bbox 1312 2555 1422 2584; x_wconf 76' lang='lat' dir='ltr'>AGrr</span> <span class='ocrx_word' id='word_1_335' title='bbox 1469 2558 1504 2584; x_wconf 83' lang='lat' dir='ltr'><em>c.</em></span> <span class='ocrx_word' id='word_1_336' title='bbox 1553 2546 1573 2583; x_wconf 92' lang='grc'><em>1</em></span> <span class='ocrx_word' id='word_1_337' title='bbox 1610 2543 1680 2585; x_wconf 90' lang='lat' dir='ltr'><em>fin.</em></span> 
     </span>
     <span class='ocr_line' id='line_1_36' title="bbox 123 2619 1747 2661; baseline -0.005 0"><span class='ocrx_word' id='word_1_338' title='bbox 123 2635 157 2661; x_wconf 85' lang='lat' dir='ltr'><em>c.</em></span> <span class='ocrx_word' id='word_1_339' title='bbox 190 2621 245 2661; x_wconf 88' lang='lat'><em>50</em></span> <span class='ocrx_word' id='word_1_340' title='bbox 276 2619 350 2661; x_wconf 88' lang='lat' dir='ltr'><em>fin.</em></span> <span class='ocrx_word' id='word_1_341' title='bbox 381 2634 423 2660; x_wconf 89' lang='lat' dir='ltr'><strong>n.</strong></span> <span class='ocrx_word' id='word_1_342' title='bbox 1702 2629 1747 2661; x_wconf 89' lang='lat'><em>35</em></span> 
     </span>
    </p>

    <p class='ocr_par' dir='ltr' id='par_1_11' title="bbox 124 2683 1682 2802">
     <span class='ocr_line' id='line_1_37' title="bbox 210 2683 1682 2746; baseline -0.005 -15"><span class='ocrx_word' id='word_1_343' title='bbox 210 2705 251 2746; x_wconf 92' lang='grc' dir='ltr'><em>Ρ.</em></span> <span class='ocrx_word' id='word_1_344' title='bbox 282 2691 366 2731; x_wconf 88' lang='grc'>130</span> <span class='ocrx_word' id='word_1_345' title='bbox 395 2689 422 2730; x_wconf 84' lang='lat' dir='ltr'><strong>l.</strong></span> <span class='ocrx_word' id='word_1_346' title='bbox 454 2690 508 2730; x_wconf 84' lang='lat'><em>16</em></span> <span class='ocrx_word' id='word_1_347' title='bbox 541 2698 804 2729; x_wconf 86' lang='lat' dir='ltr'>DEPOSITVM</span> <span class='ocrx_word' id='word_1_348' title='bbox 836 2687 885 2728; x_wconf 88' lang='lat' dir='ltr'><em>R.</em></span> <span class='ocrx_word' id='word_1_349' title='bbox 917 2685 1111 2742; x_wconf 78' lang='lat' dir='ltr'><em>Seeberg</em></span> <span class='ocrx_word' id='word_1_350' title='bbox 1141 2685 1187 2726; x_wconf 88' lang='lat' dir='ltr'><em>in</em></span> <span class='ocrx_word' id='word_1_351' title='bbox 1218 2684 1340 2726; x_wconf 88' lang='lat' dir='ltr'><em>Zahn</em></span> <span class='ocrx_word' id='word_1_352' title='bbox 1372 2683 1682 2738; x_wconf 82' lang='lat' dir='ltr'><em>Forschungen</em></span> 
     </span>
     <span class='ocr_line' id='line_1_38' title="bbox 124 2758 680 2802; baseline -0.007 0"><span class='ocrx_word' id='word_1_353' title='bbox 124 2771 155 2801; x_wconf 91' lang='lat' dir='ltr'>V</span> <span class='ocrx_word' id='word_1_354' title='bbox 188 2761 284 2802; x_wconf 85' lang='lat'><strong>396.</strong></span> <span class='ocrx_word' id='word_1_355' title='bbox 347 2758 444 2800; x_wconf 87' lang='lat' dir='ltr'><strong>qu.</strong></span> <span class='ocrx_word' id='word_1_356' title='bbox 478 2760 531 2799; x_wconf 89' lang='grc'>13</span> <span class='ocrx_word' id='word_1_357' title='bbox 562 2760 617 2799; x_wconf 89' lang='grc'><em>60</em></span> <span class='ocrx_word' id='word_1_358' title='bbox 639 2772 680 2799; x_wconf 89' lang='lat' dir='ltr'><em>n.</em></span> 
     </span>
    </p>

    <p class='ocr_par' dir='ltr' id='par_1_12' title="bbox 212 2823 1189 2885">
     <span class='ocr_line' id='line_1_39' title="bbox 212 2823 1189 2885; baseline -0.004 -14"><span class='ocrx_word' id='word_1_359' title='bbox 212 2844 252 2885; x_wconf 92' lang='lat' dir='ltr'><strong>p.</strong></span> <span class='ocrx_word' id='word_1_360' title='bbox 278 2831 361 2871; x_wconf 84' lang='lat'><em>130</em></span> <span class='ocrx_word' id='word_1_361' title='bbox 384 2829 410 2871; x_wconf 89' lang='lat' dir='ltr'><strong>l.</strong></span> <span class='ocrx_word' id='word_1_362' title='bbox 434 2827 486 2869; x_wconf 82' lang='lat'><em>17</em></span> <span class='ocrx_word' id='word_1_363' title='bbox 511 2838 664 2869; x_wconf 80' lang='lat' dir='ltr'>EXTRA</span> <span class='ocrx_word' id='word_1_364' title='bbox 697 2826 959 2875; x_wconf 69' lang='lat' dir='ltr'><em>cfieoetranei</em></span> <span class='ocrx_word' id='word_1_365' title='bbox 979 2840 1036 2866; x_wconf 82' lang='lat' dir='ltr'><em>cc.</em></span> <span class='ocrx_word' id='word_1_366' title='bbox 1061 2823 1097 2867; x_wconf 83' lang='lat'><strong>7.</strong></span> <span class='ocrx_word' id='word_1_367' title='bbox 1121 2826 1189 2867; x_wconf 91' lang='grc'>31.</span> 
     </span>
    </p>
   </div>
  </div>
 </body>
</html>
