1975 3306
300 142 383 183 226
874 138 1280 181 TERTVLLIANI
1535 140 1595 195 [p.
1619 141 1674 181 44
1695 139 1724 181 l.
1752 142 1861 180 12-

301 257 327 312 ἢ
349 259 565 313 μυΎαλῶν
587 257 988 310 ἐμπολιτευόμενον
1010 255 1161 301 αὐτοῖς
1183 254 1330 298 ἐνίοτε.
1374 255 1519 297 Isaiah
1542 258 1595 297 41
1622 257 1659 298 7.
1701 255 1868 312 ιῘΕΓθΙῃ.

302 330 357 370 10
379 330 417 370 4.

389 409 494 439 SINE
531 408 694 439 CAPITE
727 396 849 438 Hier.
887 411 943 437 on
980 396 1157 438 Abacuc
1189 396 1213 438 l.
1250 407 1285 437 ΙΙ
1322 410 1354 437 c.
1390 398 1416 438 3
1454 397 1523 449 (VI
1567 393 1695 438 659(1ίέ
1733 396 1864 448 Vall.)

299 469 338 510 si
379 468 548 524 quando
587 473 797 524 tyrannus
838 466 1122 516 obtruncatur,
1161 467 1372 521 imayiues
1412 481 1574 522 quoque
1614 466 1704 508 eius
1739 466 1862 521 depo-

260 551 279 583 5
301 543 461 579 mmtur
501 542 539 578 et
579 542 756 585 statuae,
793 542 831 578 et
871 537 996 577 uultu
1033 536 1322 578 tautummodo
1357 542 1608 578 commutato
1645 535 1863 591 ablatoque

301 608 450 663 eapite,
475 607 564 649 eius
595 607 669 662 qui
699 606 850 648 uicerit
870 605 1016 662 facies
1046 607 1359 661 superponitur,
1390 612 1437 648 ut
1466 613 1660 649 manente
1691 621 1864 662 corpore

302 677 589 734 capitibusque
615 677 829 733 praecisis
861 682 989 732 caput
1021 676 1145 718 atiud
1177 681 1464 719 commutetur.
1527 677 1649 719 Suet.
1679 677 1772 718 Tib.
1807 679 1861 718 58

302 747 486 791 Casaub.
523 753 689 790 statuae
722 747 899 802 quidam
933 747 1124 802 Auyusti
1159 753 1285 802 caput
1318 746 1570 803 dempserat,
1601 753 1647 789 ut
1684 747 1864 789 alterius

301 819 544 874 imponeret.

190 925 195 930 .
237 904 281 927 10
389 903 427 944 p.
451 890 508 929 44
530 888 555 929 l.
580 889 633 929 13
657 898 877 928 CAELESTI
898 901 988 943 cap.
1013 888 1067 928 23
1090 902 1128 943 p.
1152 887 1249 929 801.
1274 890 1299 929 8
1322 887 1434 929 Iuno
1462 886 1675 930 Caelestis
1697 887 1862 929 evoked

300 958 386 999 and
408 957 611 999 removed
633 963 679 999 to
702 957 839 998 Rome
861 956 907 997 in
930 956 1005 997 the
1028 956 1163 997 Third
1187 956 1324 998 Punic
1347 957 1461 998 War.
1515 957 1636 999 Seru.
1659 957 1767 999 Aen.
1792 969 1861 998 XII

302 1032 397 1071 841.
460 1030 640 1071 Astarte
671 1026 1021 1069 Preller-Jordan
1043 1038 1078 1068 II
1101 1028 1273 1070 406—7
1298 1027 1445 1085 riding
1473 1043 1528 1069 on
1550 1044 1575 1069 a
1597 1027 1685 1070 lion
1714 1028 1757 1069 in
1785 1028 1861 1069 the

300 1099 418 1140 coins
440 1099 488 1140 of
514 1097 758 1154 Septimius
787 1097 979 1139 Seuerus
1008 1097 1094 1138 and
1124 1096 1356 1148 Caracalla,
1380 1098 1582 1154 frequent
1610 1098 1655 1139 in
1682 1097 1860 1154 inscrip—

302 1169 417 1211 tions
443 1169 684 1223 (Roscher).
749 1167 792 1210 P.
816 1167 960 1208 Faber
989 1167 1280 1209 Semestrium
1304 1167 1462 1224 (Lugd.
1488 1168 1621 1221 1595)
1644 1167 1666 1208 l.
1691 1179 1744 1208 111
1767 1183 1799 1209 c.
1825 1170 1860 1209 2.

238 1252 280 1284 15
301 1239 482 1280 Miinter
513 1238 651 1294 Relig.
682 1237 758 1279 der
790 1236 956 1279 Carth?
980 1239 1046 1279 62.
1109 1236 1302 1278 Saluian.
1325 1237 1379 1278 de
1402 1236 1641 1279 Gubernat.
1664 1237 1746 1279 Dei
1772 1249 1860 1279 VIII

299 1307 338 1366 ἐξ
361 1311 385 1351 9
409 1323 494 1364 seq.
557 1307 707 1349 Ambr.
732 1307 810 1363 Ep.
835 1309 889 1348 18
913 1309 979 1349 30.
1043 1306 1156 1348 Vict.
1180 1306 1326 1348 Viten.
1350 1319 1403 1348 ΙΙΙ
1427 1308 1493 1349 49.

388 1396 428 1437 p.
452 1381 508 1421 44
531 1379 554 1421 l.
581 1381 635 1420 14
659 1390 708 1420 IN
742 1389 957 1419 METALLA
989 1388 1262 1419 DAMNAMVR
1294 1377 1406 1418 infra
1434 1392 1467 1419 e.
1490 1379 1544 1419 39
1568 1377 1680 1419 med.
1711 1376 1860 1418 collec-

299 1450 415 1492 tions
439 1451 502 1491 for
532 1449 571 1491 si
599 1449 673 1505 qui
702 1448 746 1489 ιή
780 1447 978 1497 metalli&
1000 1453 1038 1489 et
1066 1447 1105 1489 si
1132 1448 1206 1503 qui
1232 1448 1278 1488 in
1311 1448 1466 1489 insulis
1486 1447 1555 1489 uel
1581 1448 1627 1488 in
1649 1447 1860 1489 custodiis.

297 1521 346 1563 cf.
367 1524 402 1562 I.
422 1520 472 1561 27
495 1520 520 1561 f.
542 1534 581 1575 p.
602 1520 656 1561 92
680 1520 746 1560 30.
799 1517 900 1559 cult.
917 1518 1014 1559 fem.
1039 1529 1054 1558 Ι
1078 1520 1102 1559 5
1125 1533 1186 1574 pr.
1235 1517 1392 1560 Euseb.
1417 1517 1533 1559 Hist.
1558 1517 1669 1559 Eccl.
1692 1529 1780 1558 VIII
1806 1520 1858 1559 13

234 1590 316 1647 2οξ
339 1594 363 1633 5
386 1605 545 1647 copper
566 1588 706 1630 mines
728 1589 775 1630 of
792 1588 967 1629 Phaeno
990 1587 1035 1629 in
1059 1587 1292 1630 Palestine.
1344 1599 1396 1628 IX
1421 1591 1441 1629 I
1466 1586 1486 1644 ἓ
1508 1587 1544 1629 7.
1597 1587 1686 1630 Vin.
1711 1586 1859 1630 Consu.

298 1673 332 1702 II
364 1663 429 1703 32.
461 1663 516 1702 20
545 1659 565 1716 ξ
593 1662 630 1702 3.
695 1659 838 1700 Rufin.
870 1658 948 1700 h.e.
979 1670 1010 1699 X
1041 1662 1078 1700 4.
1160 1659 1210 1700 ef.
1243 1658 1296 1700 de
1329 1664 1504 1714 martyr.
1534 1659 1690 1700 Palest.
1724 1661 1748 1700 5
1780 1656 1858 1715 §2

299 1735 321 1774 7
345 1730 384 1789 ἐξ
408 1735 431 1773 2
456 1735 492 1774 3.
526 1734 552 1772 8
574 1729 614 1788 ἐξ
637 1734 656 1772 1
686 1732 750 1772 13.
785 1731 809 1772 9
839 1728 918 1786 §L
952 1731 1003 1770 11
1038 1727 1057 1786 ἓ
1089 1731 1126 1771 6.
1161 1731 1215 1771 13
1244 1727 1283 1786 §ss
1313 1732 1334 1770 I
1369 1731 1404 1771 2.
1469 1729 1534 1771 W.
1565 1728 1858 1770 wattenbach

299 1802 446 1844 Passio
478 1802 741 1844 Sanctorum
777 1813 826 1842 1V
864 1807 1167 1842 coronatorum
1200 1800 1246 1841 in
1281 1800 1395 1842 Max.
1434 1800 1660 1857 B‘udinger
1695 1799 1856 1842 Unter-

297 1872 477 1929 suehng.
511 1887 587 1914 zur
617 1877 722 1913 ro'm.
756 1870 1058 1927 Kaisergeseh.
1097 1881 1151 1911 ΙΙΙ
1187 1869 1330 1926 Leipz.
1367 1870 1479 1911 1870
1511 1884 1581 1926 pp.
1615 1870 1859 1928 321—379.

234 1958 252 1980 2
259 1958 278 1989 5
298 1942 547 1991 Andrewes‚
565 1941 661 1982 who
684 1939 791 1982 used
813 1940 979 1996 largely
1001 1940 1076 1981 'ohe
1100 1939 1170 1980 old
1193 1939 1395 1996 liturgies
1424 1939 1590 1993 (Greek
1618 1938 1859 1980 Devotions

299 2012 362 2053 ed.
382 2011 527 2060 Medd,
548 2026 589 2067 p.
607 2011 684 2063 41)
706 2009 962 2064 Μνήσθητι,
985 2010 1266 2066 κύριε,...τῶν
1289 2010 1334 2051 ἐν
1356 2008 1608 2063 μετάλλοις.
1671 2009 1858 2052 Consbib.

299 2082 450 2138 Aposb.
469 2092 557 2122 VIII
583 2083 636 2122 10
655 2079 765 2135 ὑπὲρ
789 2081 879 2122 τῶν
902 2080 946 2122 ἐν
966 2079 1207 2133 μετάλλοις
1229 2079 1304 2121 καὶ
1327 2078 1517 2136 ἐξορίαις
1539 2079 1612 2121 καὶ
1635 2081 1858 2132 φυλακαῖς

301 2153 375 2195 καὶ
405 2152 584 2205 δεσμοῖς
605 2150 745 2193 ὅντων
768 2149 839 2191 διὰ
867 2148 916 2192 τὸ
945 2149 1084 2202 ὄνομα
1113 2152 1190 2191 τοῦ
1219 2148 1373 2203 κυρίου
1400 2150 1633 2202 δεηθῶμεν.
1696 2148 1858 2204 Litany

298 2238 338 2264 n.
372 2224 427 2264 29
459 2220 545 2262 and
577 2226 622 2261 to
656 2219 773 2261 shew
805 2219 885 2275 thy
916 2218 1014 2274 pity
1045 2233 1162 2275 upon
1196 2218 1253 2259 all
1285 2218 1503 2274 prisoners
1534 2218 1620 2259 and
1653 2218 1858 2274 captives.

235 2311 280 2341 30
300 2292 501 2349 Liturgia
523 2291 658 2333 Marci
675 2290 929 2345 (Renaudoss
952 2302 966 2331 I
988 2291 1092 2343 146)
1110 2289 1211 2336 τοὺς
1229 2290 1274 2333 ἐν
1292 2293 1528 2344 φυλακαῖς,
1551 2291 1596 2332 ἐν
1616 2291 1858 2343 μετάλλοις

301 2363 328 2417 ἢ
362 2363 504 2408 δίκαις
535 2361 560 2415 ἢ
591 2359 851 2406 καταδίκαις
872 2360 899 2414 ἢ
922 2360 967 2402 ἐν
997 2359 1188 2416 ἐξῑορίαις
1213 2359 1240 2414 ἢ
1267 2362 1407 2418 πικρᾷ
1438 2358 1614 2419 δουλείᾳ
1645 2359 1672 2413 ἢ
1705 2359 1857 2416 φόροις

302 2431 624 2490 κατεχομένους
637 2429 810 2477 πάντας
825 2429 1023 2483 ἐλέησον,
1036 2430 1207 2475 πάντας
1224 2429 1534 2485 ἐλευθέρωσον.
1569 2430 1697 2486 Cypr.
1713 2431 1788 2486 Ep.
1802 2429 1853 2471 77

300 2508 366 2557 (to
384 2503 534 2560 Cypr.)
551 2517 582 2544 c.
600 2504 626 2544 3
643 2517 703 2558 pr.
721 2503 781 2558 (p.
801 2503 885 2543 835
905 2502 929 2542 l.
947 2502 1021 2555 16)
1036 2501 1224 2556 tenebras
1239 2502 1425 2543 carceris
1439 2501 1722 2550 iwlmninasti,
1739 2515 1856 2542 mou-

300 2582 359 2617 tes
375 2574 541 2617 metalli
560 2575 608 2615 in
622 2573 762 2629 plana
778 2572 1004 2614 deduxisti.
1057 2571 1135 2628 Ep.
1154 2571 1207 2613 76
1230 2586 1263 2613 e.
1281 2574 1301 2612 1
1320 2573 1378 2627 (p.
1394 2573 1478 2612 828
1496 2571 1521 2612 l.
1537 2574 1562 2612 4
1580 2571 1686 2626 seq.)
1706 2585 1762 2612 au
1784 2585 1855 2626 eyo

238 2661 281 2692 35
297 2645 459 2700 possim
481 2650 617 2686 tacere
638 2648 676 2685 et
698 2657 838 2684 uocem
859 2656 1000 2683 meam
1020 2641 1186 2683 silentio
1202 2656 1405 2696 premere,
1429 2656 1523 2682 cum
1544 2641 1595 2682 de
1620 2640 1858 2682 earv'ssimis

301 2715 406 2756 meis
427 2720 516 2755 tam
537 2712 676 2754 multa
698 2717 735 2754 et
752 2712 941 2766 yloriosa
963 2725 1219 2766 ooyuoseam,
1236 2710 1385 2767 quibus
1400 2726 1475 2753 uos
1495 2710 1648 2752 diuina
1665 2710 1856 2765 szcyvzatio

302 2783 540 2831 honoravit,
575 2788 620 2823 ut
652 2796 702 2823 ex
736 2780 856 2823 uobis
889 2796 999 2836 pars
1031 2781 1120 2821 iam
1159 2781 1364 2836 martyrii
1398 2780 1467 2822 sui
1487 2779 1856 2842 ‘consummatione

298 2852 576 2909 praecesserit
606 2851 855 2893 meritorum
885 2866 1060 2893 suorum
1092 2865 1292 2893 coronam
1323 2850 1374 2892 de
1406 2850 1588 2892 Domino
1623 2855 1855 2905 receptura,
