1975 3306
288 181 340 221 98
867 178 1273 220 TERTVLLIANI

286 296 600 336 conscientiam
624 309 851 350 spurcam:
893 299 945 335 ut
967 294 1109 344 mirer,
1136 308 1236 334 cum
1261 293 1430 334 hostiae
1454 293 1700 348 probantur
1722 306 1855 347 penes

286 388 365 415 uos
394 388 419 414 a
451 373 742 414 uitiosissimis
772 372 1088 422 sacerdotibus,
1121 386 1221 413 cum
1253 371 1391 412 cuiuis
1421 370 1675 426 praecordia
1706 370 1854 426 potius

286 452 566 493 uictimarum
607 466 741 507 quam
779 451 975 506 ipsorum
1015 450 1358 492 sacrificantium
1399 450 1722 491 examinantur.
1784 448 1853 490 Sic

284 530 435 584 itaque
450 544 529 571 nos
544 530 601 571 ad
615 530 747 571 deum
764 544 980 585 expansos
995 530 1183 585 ungulae
1198 529 1383 579 fodiant,
1402 543 1550 570 cruces
1563 528 1850 583 suspendant,

284 609 403 664 ignes
445 609 659 659 lambant,
703 609 836 665 gladii
877 614 1060 665 guttura
1102 609 1379 659 detruncent,
1424 608 1590 650 bestiae
1631 608 1849 649 insiliant:
1870 619 1892 652 5

285 694 466 742 paratus
490 694 555 729 est
577 688 634 729 ad
657 703 785 729 omne
807 688 1070 743 supplicium
1094 688 1185 743 ipse
1210 688 1388 729 habitus
1411 689 1577 729 orantis
1601 687 1848 729 Christiani.

285 765 381 806 Hoc
402 767 531 821 agite,
554 766 656 807 boni
677 766 909 821 praesides,
933 772 1193 821 extorquete
1212 767 1407 807 animam
1427 766 1508 807 deo
1527 766 1850 821 supplicantem

283 858 360 898 pro
380 844 658 899 imperatore.
720 844 818 885 Hoc
838 845 920 886 erit
940 844 1115 894 crimen,
1137 844 1213 885 ubi
1232 844 1396 885 ueritas
1416 844 1485 885 dei
1505 849 1549 885 et
1568 843 1746 885 deuotio
1768 848 1846 885 est.

365 975 440 1017 31.
500 976 679 1017 Adolati
709 990 826 1017 nunc
855 990 1007 1016 sumus
1035 976 1291 1030 imperatori
1321 981 1366 1016 et
1394 975 1570 1016 mentiti
1599 980 1705 1016 uota
1735 988 1849 1029 quae

281 1050 484 1101 diximus,
504 1051 560 1092 ad
578 1051 853 1091 euadendam
871 1051 1035 1091 scilicet
1051 1050 1155 1091 uim.
1218 1050 1353 1091 Plane
1369 1050 1543 1104 proficit
1557 1050 1643 1091 ista
1659 1049 1845 1090 fallacia.
1870 1064 1914 1086 10

227 1177 230 1181 .
280 1125 531 1166 Admittitis
548 1140 627 1166 nos
644 1125 759 1165 enim
777 1124 963 1179 probare
981 1124 1276 1179 quodcunque
1293 1123 1583 1165 defendimus.
1646 1123 1729 1173 Qui
1747 1137 1847 1178 ergo

280 1200 507 1253 putaueris
525 1200 631 1240 nihil
652 1214 731 1240 nos
751 1199 804 1240 de
824 1199 966 1240 salute
986 1199 1220 1240 Caesarum
1242 1213 1405 1248 curare,
1427 1199 1591 1253 inspice
1611 1198 1680 1239 dei
1700 1211 1843 1247 uoces,

278 1273 448 1314 litteras
473 1279 659 1323 nostras,
687 1288 797 1328 quas
820 1287 963 1328 neque
987 1273 1069 1328 ipsi
1094 1273 1410 1328 supprimimus
1434 1277 1478 1314 et
1501 1272 1696 1327 plerique
1721 1286 1848 1313 casus

278 1348 334 1388 ad
354 1354 586 1389 extraneos
603 1348 889 1389 transferunt.
952 1348 1118 1389 Scitote
1137 1362 1189 1388 ex
1207 1347 1290 1388 illis
1307 1352 1593 1402 praeceptum
1612 1361 1702 1388 esse
1719 1345 1846 1388 nobis

278 1422 333 1462 ad
358 1422 699 1463 redundantiam
722 1422 1008 1477 benignitatis
1032 1422 1166 1463 etiam
1189 1436 1268 1476 pro
1290 1421 1477 1462 inimicis
1500 1421 1631 1462 deum
1655 1435 1778 1462 orare
1801 1425 1846 1462 et
1867 1439 1907 1470 15

277 1497 629 1550 persecutoribus
653 1490 816 1537 nostris
842 1496 955 1537 bona
980 1496 1160 1551 precari.
1223 1495 1306 1545 Qui
1331 1496 1470 1550 magis
1493 1495 1656 1536 inimici
1682 1500 1726 1536 et
1749 1509 1842 1550 per-

276 1576 496 1611 secutores
514 1571 861 1612 Christianorum
880 1585 1014 1625 quam
1031 1570 1085 1611 de
1103 1585 1290 1625 quorum
1308 1570 1540 1611 maiestate
1557 1569 1844 1610 conuenimur

274 1645 319 1685 in
362 1645 552 1686 crimen?
616 1645 700 1686 Sed
743 1645 877 1686 etiam
919 1645 1183 1685 nominatim
1225 1650 1361 1699 atque
1402 1643 1647 1694 manifeste,
1693 1643 1840 1694 Orate,

274 1719 432 1773 inquit,
459 1734 536 1773 pro
560 1719 734 1774 regibus
758 1724 801 1760 et
823 1734 901 1773 pro
925 1719 1196 1773 principibus
1219 1724 1263 1759 et
1285 1718 1595 1773 potestatibus,
1621 1723 1672 1759 ut
1694 1718 1842 1759 omnia

275 1793 513 1847 tranquilla
529 1793 618 1834 sint
633 1793 772 1834 uobis.
834 1794 942 1834 Cum
960 1793 1075 1834 enim
1092 1793 1343 1834 concutitur
1356 1793 1603 1847 imperium,
1622 1792 1842 1833 concussis
1862 1809 1907 1831 20

275 1868 408 1908 etiam
433 1868 586 1909 ceteris
608 1867 815 1908 membris
838 1868 929 1908 eius
951 1867 1105 1921 utique
1128 1872 1172 1908 et
1193 1881 1285 1917 nos,
1309 1867 1411 1908 licet
1433 1867 1630 1908 extranei
1652 1881 1677 1907 a
1700 1866 1842 1908 turbis

273 1943 569 1991 aestimemur,
592 1942 638 1982 in
658 1942 805 1996 aliquo
826 1942 921 1982 loco
943 1955 1069 1982 casus
1089 1941 1351 1982 inuenimur.

358 2068 432 2110 32.
493 2068 575 2109 Est
603 2073 647 2109 et
674 2068 758 2108 alia
786 2068 924 2108 maior
951 2067 1188 2108 necessitas
1214 2067 1341 2108 nobis
1367 2067 1521 2108 orandi
1548 2082 1626 2122 pro
1653 2067 1838 2122 impera-

272 2143 455 2192 toribus,
486 2143 621 2184 etiam
652 2158 729 2197 pro
760 2142 878 2183 omni
908 2147 1031 2183 statu
1059 2142 1229 2196 imperii
1259 2142 1476 2196 rebusque
1505 2142 1730 2192 Romanis,
1763 2143 1838 2197 qui

275 2217 362 2258 uim
390 2217 631 2257 maximam
658 2216 862 2257 uniuerso
889 2215 983 2257 orbi
1009 2216 1314 2257 imminentem
1340 2216 1570 2270 ipsamque
1597 2215 1836 2257 clausulam
1857 2233 1900 2264 ²5

272 2291 431 2331 saeculi
472 2291 735 2331 acerbitates
775 2290 1013 2331 horrendas
1053 2290 1396 2331 comminantem
1437 2289 1628 2330 Romani
1666 2290 1837 2344 imperii

272 2370 523 2406 commeatu
548 2365 708 2405 scimus
734 2364 959 2405 retardari.
1022 2364 1181 2418 Itaque
1206 2364 1410 2404 nolumus
1436 2363 1632 2418 experiri,
1660 2369 1705 2404 et
1729 2364 1835 2405 dum

274 2453 502 2492 precamur
549 2438 725 2487 differri,
775 2438 1004 2479 Romanae
1051 2438 1336 2479 diuturnitati
1383 2437 1597 2478 fauemus.
1659 2437 1743 2478 Sed
1792 2443 1836 2479 et

272 2513 479 2562 iuramus,
503 2513 617 2553 sicut
636 2527 724 2553 non
746 2527 821 2566 per
841 2512 989 2567 genios
1010 2512 1257 2561 Caesarum,
1280 2512 1344 2552 ita
1364 2525 1440 2566 per
1459 2511 1647 2552 salutem
1668 2525 1831 2562 eorum,

273 2601 385 2640 quae
415 2592 480 2628 est
509 2587 734 2641 augustior
762 2586 966 2627 omnibus
994 2586 1142 2640 geniis.
1204 2585 1391 2626 Nescitis
1419 2585 1568 2640 genios
1596 2585 1834 2627 daemonas
1853 2601 1898 2632 30

272 2661 354 2701 dici
395 2666 440 2701 et
476 2660 577 2701 inde
615 2660 880 2701 diminutiua
918 2674 1026 2701 uoce
1064 2659 1323 2701 daemonia?
1386 2659 1478 2700 Nos
1514 2659 1724 2700 iudicium
1763 2660 1832 2701 dei

271 2734 531 2788 suspicimus
552 2734 596 2774 in
616 2733 967 2788 imperatoribus,
993 2733 1066 2788 qui
1088 2733 1292 2788 gentibus
1313 2733 1407 2773 illos
1428 2732 1651 2787 praefecit.
1712 2733 1766 2774 Id
1786 2734 1832 2774 in

272 2808 331 2848 eis
360 2808 520 2848 scimus
550 2822 640 2848 esse
669 2808 787 2862 quod
817 2808 923 2848 deus
954 2807 1106 2856 uoluit,
1137 2807 1323 2861 ideoque
1354 2812 1398 2847 et
1426 2806 1598 2847 saluum
1627 2807 1831 2848 uolumus

272 2896 362 2922 csse
397 2881 515 2936 quod
548 2881 655 2922 deus
688 2881 829 2922 uoluit
863 2886 907 2922 et
940 2896 1017 2935 pro
1052 2895 1211 2935 magno
1244 2880 1289 2921 id
1321 2880 1568 2921 iuramento
1603 2880 1828 2923 habemus.
