1975 3306
86 135 129 176 p.
154 122 207 163 92
230 121 257 163 l.
283 122 324 175 3]
553 121 998 164 APOLOGETICVS
1033 123 1100 172 25,
1135 123 1188 163 26
1567 123 1646 164 337

87 235 292 292 Iuppiter
317 243 361 279 to
385 238 535 279 Venus
557 238 604 279 of
627 237 703 279 the
727 237 940 279 Romans:
973 237 1039 278 his
1064 252 1136 292 eyo
1165 251 1235 279 nec
1259 243 1390 279 metus
1411 252 1557 279 'rerum
1579 253 1650 280 nec

87 311 280 362 tempora
295 323 419 363 pono,
441 309 673 364 imperium
693 309 783 350 sine
806 308 896 364 fine
918 307 1027 350 dedi.
1082 307 1245 349 Archiv
1268 309 1343 349 fiir
1364 308 1436 350 lat.
1461 308 1562 350 Lex.
1581 320 1649 350 VII

25 398 30 403 ·
87 378 172 418 300
195 377 219 418 f.

174 461 213 502 p.
238 448 293 488 90
316 447 339 488 l.
365 449 416 489 17
441 459 781 489 REMVNERASSE
804 462 912 504 pass.
937 463 969 489 o.
995 450 1046 488 11
1072 463 1111 504 p.
1137 450 1191 489 40
1214 447 1237 489 l.
1262 450 1329 490 33.
1368 464 1400 490 c.
1424 450 1479 491 46
1502 464 1541 506 p.
1567 452 1649 492 128

87 515 110 556 l.
137 517 190 557 10
212 517 261 558 cf.
285 516 351 558 De
375 516 491 559 Culn.
515 517 633 559 Fem.
658 530 673 559 Ι
698 520 721 559 2
744 533 783 574 p.
809 534 861 559 m.
893 518 1005 559 illud
1033 518 1176 574 ipsum
1204 518 1354 560 bonum
1377 518 1649 574 feminarum
1667 536 1687 568 5

87 586 305 628 naturalis
327 587 501 637 decoris,
527 594 570 630 ut
599 604 777 631 causum
807 589 925 639 mali,
947 589 1007 631 sic
1036 596 1428 632 remunemuerunt.
1483 590 1649 633 Paulin.

89 656 186 698 Nol.
219 671 283 713 ep.
318 659 384 705 23,
419 659 484 700 31.
524 660 591 709 26,
627 661 662 700 2.
705 658 813 700 Plin.
847 673 911 715 ep.
945 658 1130 711 Quintil.
1168 659 1273 700 decl.
1313 660 1483 703 Petron.
1521 661 1650 717 Apul.

87 726 173 783 dig.
225 728 267 782 [I
290 728 400 770 have
422 744 516 770 exx.
540 730 647 770 fron]
670 729 841 770 Ambsb.
865 729 978 786 Aug.
1001 729 1087 770 and
1111 729 1314 786 Ps.-Aug.
1356 730 1474 785 A.S.]

176 809 255 846 QVI
278 809 414 839 NIHIL
436 810 667 840 SENTlVNT
719 798 782 840 La
805 798 947 841 Cerda
968 799 1077 840 cites
1095 799 1213 841 Laeta.
1229 799 1329 841 Diu.
1348 800 1455 842 Inst.
1472 813 1506 842 11
1530 803 1557 842 4
1578 800 1647 859 §9-

90 866 112 908 7
141 866 160 923 ξ
187 867 209 909 ’ἶ
232 870 298 921 (2).
347 880 396 909 VI
434 868 456 909 7
488 866 508 925 ξ
537 869 634 923 3(2)
662 884 701 910 n.
732 884 786 909 on
824 868 920 910 qu.
954 870 1007 909 13
1041 870 1123 911 119
1160 875 1429 925 statuamque
1470 870 1648 926 Vagseui.
1669 886 1713 909 ιο

175 953 214 994 p.
235 940 289 980 90
313 939 337 980 l.
358 941 410 979 24
435 954 494 995 sq.
514 940 536 981 l.
557 941 609 981 31
627 954 711 995 seq.
755 940 809 980 ad
831 947 919 981 nat.
938 951 973 980 Π
999 939 1050 980 17
1075 955 1114 996 p.
1137 942 1219 982 133
1243 940 1266 981 l.
1286 943 1311 981 8
1332 940 1454 983 Wiss.
1472 957 1649 997 reynum

90 1009 314 1051 um'uersue
334 1010 833 1059 nationes...habuerunt
862 1017 904 1052 ut
928 1011 1109 1066 Assyrii
1130 1016 1175 1052 ut
1203 1011 1323 1052 Medi
1348 1018 1394 1053 ut
1422 1012 1583 1055 Persae
1607 1019 1650 1055 ut

88 1079 544 1135 Aeyyptii...quaerite
570 1081 664 1135 quis
691 1087 928 1135 temporum
959 1080 1067 1122 uices
1089 1080 1320 1122 ordinauit.
1383 1082 1496 1123 idem
1517 1097 1650 1138 reyna

89 1149 316 1205 dispensat.
380 1150 540 1192 Minue.
573 1153 625 1191 25
660 1149 755 1205 §12
789 1156 827 1192 et
860 1157 1002 1192 tamen
1036 1157 1133 1192 cante
1164 1166 1230 1193 eos
1261 1151 1349 1193 Deo
1382 1152 1654 1207 dispensante

89 1219 165 1261 diu
207 1235 339 1275 reynu
380 1227 600 1263 tenuerunt
642 1222 831 1276 Assyrii,
868 1221 1000 1272 Asedi,
1037 1221 1210 1271 Persae,
1249 1221 1403 1264 Graeci
1443 1223 1572 1264 etiam
1612 1228 1650 1264 et
1669 1239 1712 1272 15

88 1290 306 1345 Aeyyptz'i,
344 1306 438 1332 curn
478 1290 708 1345 Pontifices
745 1296 782 1333 et
824 1290 1014 1332 Aruales
1051 1296 1088 1332 et
1125 1290 1268 1332 Salios
1310 1297 1347 1333 et
1391 1291 1576 1334 Vestales
1611 1298 1649 1334 et

89 1361 290 1415 Auyures
322 1376 402 1402 non
434 1360 642 1402 haberent.

720 1528 827 1572 CAP.
861 1529 1016 1569 XXVI

178 1658 216 1699 p.
241 1645 296 1685 90
318 1644 342 1685 l.
363 1646 416 1684 24
434 1656 501 1688 ,ΝΕ
525 1644 713 1685 Hermas
735 1644 823 1685 eod.
842 1643 928 1684 Pal.
949 1643 1026 1685 uis.
1046 1655 1099 1684 ΙΙΙ
1125 1645 1189 1684 10.
1210 1645 1233 1685 9
1256 1643 1402 1693 uidete,
1422 1658 1530 1698 erqo,
1545 1644 1648 1700 filii,

92 1728 139 1755 ne
150 1714 270 1770 forte
291 1714 369 1757 liae
391 1715 668 1757 dissensiones
689 1722 855 1758 uestrae
877 1715 1075 1757 deserunt
1096 1715 1236 1756 uitam
1257 1720 1456 1756 uestram.

178 1799 216 1840 p.
251 1786 305 1826 90
338 1786 361 1826 l.
395 1787 448 1827 25
482 1797 732 1827 REGNATVR
794 1785 852 1827 So
889 1785 934 1825 in
972 1785 1093 1826 Tae:
1130 1784 1205 1825 the
1243 1790 1367 1840 poete
1405 1784 1514 1824 have
1559 1798 1648 1839 re9-
1667 1801 1712 1824 20

95 1860 231 1904 nutus,
257 1855 513 1910 reymundus.

179 1939 217 1980 p.
252 1926 306 1966 90
339 1925 362 1966 l.
398 1927 451 1967 26
484 1937 730 1967 SAECVLVM
752 1940 783 1967 c.
808 1927 861 1967 32
886 1924 1129 1966 clausulam
1151 1923 1322 1965 sueculi.
1381 1939 1412 1964 c.
1437 1925 1489 1963 41
1515 1924 1649 1979 finem

90 1994 259 2036 saeculi.
323 1994 441 2036 Lact.
472 1995 588 2051 Epit.
624 1994 677 2036 70
711 1994 807 2050 §14
840 2009 934 2036 cum
966 2000 1081 2036 certa
1114 2000 1151 2035 et
1183 1994 1408 2035 constituta
1440 1993 1649 2035 diuinitus

90 2071 282 2119 tempora
304 2066 506 2120 compleri
528 2066 749 2121 coeperint,
771 2065 990 2107 interitum
1022 2070 1059 2106 et
1080 2064 1482 2107 consuonmutionem
1503 2079 1649 2106 rerum

82 2135 187 2189 fieri
208 2150 365 2177 vnecesse
386 2142 455 2185 est,
478 2142 523 2178 ut
544 2137 770 2178 innouetur
796 2151 823 2177 (ι
844 2135 931 2177 Deo
958 2133 1250 2191 mundus....§
1274 2136 1325 2175 15
1348 2135 1421 2176 sed
1450 2149 1542 2176 cum
1565 2135 1650 2177 sint
1666 2153 1711 2185 25

91 2204 437 2254 innumerabilia,
480 2220 586 2260 quae
628 2205 678 2247 de
720 2205 809 2260 fine
844 2205 1006 2247 saeculi
1041 2211 1079 2246 et
1116 2204 1376 2246 conclusione
1411 2209 1648 2259 temporum

92 2274 207 2316 dicta
237 2280 344 2315 sunt.

180 2359 218 2400 p.
253 2346 307 2386 90
340 2345 364 2385 1.
399 2346 452 2386 29
485 2356 746 2385 SILVESTRIS
784 2345 910 2400 Verg.
946 2344 1053 2385 Aen.
1091 2355 1179 2384 vm
1217 2345 1300 2384 346
1337 2343 1395 2384 ud
1432 2343 1648 2398 Capitolio.

93 2414 209 2456 ducit
241 2430 374 2456 (morea
407 2429 526 2463 nunc,
560 2415 661 2456 otim
691 2415 958 2456 siluestribus
989 2413 1171 2455 horrida
1202 2413 1354 2454 dumis.

180 2500 219 2540 p.
253 2486 307 2526 92
341 2486 364 2526 l.
400 2487 420 2525 1
456 2496 634 2525 IVDAEA
665 2491 744 2526 cet.
768 2499 885 2525 same
914 2489 1146 2540 argument
1177 2482 1335 2523 Minue.
1361 2484 1415 2524 33
1437 2482 1561 2537 prius
1581 2497 1647 2524 eos
1663 2502 1709 2534 30

94 2552 325 2594 deseruisse
367 2553 697 2608 comprehendes,
741 2567 869 2607 (suurn
915 2566 999 2593 esse
1040 2551 1222 2592 desertos
1235 2566 1249 2600 ,·
1302 2565 1383 2599 nec,
1426 2556 1470 2591 ut
1517 2551 1647 2606 impie

94 2622 289 2676 loqueris,
311 2637 406 2664 cum
426 2622 515 2664 Deo
536 2637 610 2664 suo
633 2637 717 2664 esse
740 2628 892 2677 captos,
909 2621 981 2663 sed
1004 2636 1030 2662 α
1051 2620 1139 2662 Deo
1162 2627 1207 2662 ut
1228 2620 1484 2674 disciplinae
1507 2626 1645 2662 truns-

84 2691 222 2747 fuyus
244 2691 414 2733 deditos.

183 2774 221 2814 p.
247 2761 299 2801 92
323 2760 347 2801 l.
372 2761 396 2800 3
420 2759 609 2801 Schijrer
631 2764 680 2800 113
703 2761 798 2800 302.

185 2839 472 2869 FOEDERIBVS
501 2828 582 2869 Ios.
610 2827 758 2883 Antiq.
789 2838 874 2868 XIV
902 2828 955 2868 16
984 2826 1141 2867 relabes
1169 2819 1251 2867 the‘
1272 2825 1421 2867 foedus
1449 2825 1646 2867 between
1662 2846 1707 2878 35

205 2924 245 2950 M.
269 2925 302 2952 T.
1487 2912 1536 2947 22
