1975 3306
75 192 120 234 p.
149 178 277 220 1081.
303 178 345 231 2]
534 176 979 219 APOLOGETICVS
1013 178 1080 227 36,
1115 178 1167 218 37
1557 177 1640 218 373

77 296 124 337 in
145 311 218 338 suo
246 311 372 351 reyno
405 296 724 337 dominantibus
749 296 786 336 si
816 296 1057 337 audiatur?
1105 295 1243 336 Blunt
1266 294 1405 351 Right
1429 294 1519 336 Use
1543 296 1640 336 342.

78 365 203 421 Kaye
229 369 324 408 111.

166 451 204 492 p.
231 438 312 479 106
337 437 361 478 l.
384 437 437 478 27
458 449 640 478 VVLGVS
673 452 705 478 c.
730 439 783 478 35
806 452 844 493 p.
871 439 954 478 104
977 437 1001 478 l.
1027 438 1079 477 12
1108 452 1147 478 n.
1170 451 1201 477 e.
1226 438 1281 478 49
1306 436 1375 477 fin.
1437 435 1491 477 ad
1515 435 1638 490 Scap.

76 509 104 548 3
126 522 186 563 pr.
209 507 283 549 sub
306 507 548 549 Hilariano
564 507 779 563 praeside,
803 523 895 549 cum
918 507 969 548 de
992 507 1106 548 areis
1127 507 1449 562 sepultm'arum
1474 512 1639 547 nostra-

78 592 175 618 rum
198 577 531 619 acclamassent:
565 582 711 619 ‘areae
735 592 814 619 non
836 577 944 618 sint?
997 576 1081 618 See
1106 576 1326 617 Heraldus
1349 576 1457 617 from
1480 575 1637 616 Euseb.
1658 590 1678 621 5

76 657 127 687 IV
151 649 203 687 15
226 644 333 703 526.
1142 695 1148 700 ,

164 732 203 772 p.
229 719 311 759 106
343 717 367 758 l.
393 719 446 758 28
476 729 722 758 LAPIDIBVs
754 728 810 757 ET
840 727 1082 757 INCENDIIS
1105 731 1136 757 c.
1165 717 1221 756 48
1244 730 1282 771 p.
1309 717 1391 757 136
1419 715 1443 756 1.
1469 716 1504 756 6.
1528 713 1637 755 Aen.

76 799 91 828 Ι
126 789 209 829 150
237 788 408 843 iamque
428 789 554 844 jaces
583 795 620 830 et
653 804 761 830 saa'a
791 788 949 829 uolunt.
1012 787 1108 828 Tac.
1142 787 1255 828 Ann.
1289 798 1373 827 XIV
1406 788 1460 826 45
1495 785 1639 826 multi-

73 858 221 899 tudine
241 873 348 899 saoea
371 873 420 900 ac
431 858 557 914 faces
578 858 813 900 minitante.
878 857 1004 913 Greg.
1029 857 1134 898 Naz.
1157 857 1203 898 in
1225 856 1463 913 Epitaphio
1486 855 1637 897 Basilii

77 927 148 970 Or.
172 930 227 970 43
255 944 287 970 c.
319 928 372 970 57
401 927 420 986 ἓ
447 931 474 970 4
505 932 542 983 (Ι
575 926 702 983 812d)
734 928 780 970 αἱ
812 927 937 985 δᾷδες
971 928 1016 970 ἐν
1048 926 1218 984 χερσίν,
1252 927 1292 969 οἱ
1316 925 1439 968 λίθοι
1471 926 1636 979 ’προβε-
1659 944 1702 966 10

75 1000 304 1051 βλημένοι.
338 999 401 1040 La
433 999 584 1042 Cerda.
618 1000 719 1041 qu.
755 1002 807 1041 15
842 1001 996 1041 63-5,
1060 999 1215 1040 Euseb.
1249 1013 1312 1053 ep.
1348 997 1445 1039 eccl.
1482 996 1635 1038 Vienn.

76 1069 191 1111 Hist.
217 1069 328 1111 Eccl.
351 1081 382 1110 V
407 1072 427 1110 1
452 1067 471 1126 ξ
495 1069 517 1110 7
540 1067 681 1111 λίθων
702 1069 860 1122 βολάς.

161 1150 530 1180 BACCHANALIVM
553 1151 707 1180 FVRIIS
732 1139 927 1181 Prochor.
952 1139 1041 1180 Vin.
1072 1139 1222 1180 Ioann.
1250 1140 1308 1191 (Ζ)
1330 1153 1362 1178 c.
1386 1139 1453 1179 39.

162 1224 201 1264 p.
227 1211 309 1250 106
343 1209 437 1251 129
461 1220 633 1258 REQVIE
664 1220 963 1250 SEPVLTVRAE
1030 1209 1159 1265 Apul.
1178 1220 1213 1250 Π
1237 1210 1291 1250 29
1324 1223 1388 1250 me
1418 1208 1465 1249 in
1497 1222 1638 1249 meam

72 1280 254 1334 quietem
288 1280 498 1335 permitte.
560 1279 633 1333 (de
665 1279 820 1328 lamiis,
850 1294 1024 1335 corpses
1060 1278 1324 1320 disinterred
1356 1279 1420 1319 for
1451 1277 1699 1333 magical15

73 1365 185 1399 uses,
218 1366 264 1392 as
298 1350 344 1391 in
376 1350 558 1404 Lucan.)
621 1349 997 1405 [Quintil.].Deel.
1035 1352 1088 1391 15
1115 1348 1135 1406 ξ
1161 1353 1184 1392 5
1210 1348 1637 1406 facinus...tumulos

73 1420 197 1461 busta
226 1420 416 1462 scrutari
452 1426 489 1462 et
525 1420 763 1475 amputatis
797 1419 1081 1462 cadaueribus
1123 1420 1243 1474 ipsas
1278 1420 1322 1460 in
1365 1418 1524 1460 scelera
1566 1432 1638 1458 ar-

76 1504 195 1531 mare
230 1504 395 1531 manus.
457 1488 697 1531 Cassiodor.
734 1489 832 1530 Var.
868 1501 917 1530 VI
953 1491 978 1530 8
1021 1488 1320 1544 defunctorum
1361 1488 1464 1543 quin-
1506 1487 1636 1529 etiam

72 1573 247 1600 sacram
268 1559 459 1613 quietem,
482 1559 729 1614 aequabilia
759 1559 864 1600 iura
895 1565 992 1601 tuae
1024 1559 1301 1601 conscientiae
1327 1557 1635 1600 commiserant.

77 1627 383 1687 τυμβώρυχοι.
446 1629 528 1670 Iul.
572 1628 704 1670 Firm.
747 1629 885 1670 Math.
922 1641 937 1670 Ι
971 1631 995 1670 2
1027 1628 1047 1686 ἓ
1085 1632 1138 1670 10
1173 1629 1299 1670 illum
1334 1628 1635 1684 quiescentium
1655 1645 1698 1666 20

73 1713 247 1740 securas
288 1691 458 1740 animas
499 1704 536 1741 et
577 1699 667 1740 iam
708 1699 885 1741 Lethaei
921 1700 1123 1754 fluminis
1173 1699 1381 1741 obliuione
1421 1704 1637 1753 puryatas

75 1767 320 1810 Mercurius
356 1769 463 1824 coqit
505 1769 688 1824 nefariis
729 1768 992 1811 carminibus
1023 1770 1217 1811 excitare.
1282 1767 1563 1810 Persecution
1594 1768 1642 1808 of

75 1837 301 1888 Maximin,
336 1838 492 1879 Euseb.
528 1838 643 1879 Hisb.
679 1838 790 1880 Eccl.
826 1850 914 1879 VIII
948 1838 1177 1892 (Herald.).
1240 1838 1352 1892 [The
1389 1851 1570 1894 passage
1599 1836 1635 1878 is

73 1908 209 1963 really
230 1908 356 1949 Mart.
381 1907 563 1949 Palaesb.
589 1909 612 1949 9
634 1906 654 1964 ξ
678 1910 742 1949 10.
805 1907 928 1962 A.S.]

163 1992 203 2033 p.
238 1979 321 2019 108
354 1978 378 2018 l.
413 1980 435 2018 1
470 1988 778 2018 REPENSATVM
821 1977 887 2018 De
928 1977 1078 2018 Idolol.
1121 1980 1146 2018 8
1181 1992 1221 2033 p.
1256 1977 1312 2020 37
1354 1977 1378 2018 l.
1415 1978 1467 2016 15
1507 1975 1633 2017 Wiss.
1652 1992 1694 2023 25

76 2047 218 2089 minor
238 2062 394 2089 merces
415 2047 709 2103 frequentiore
737 2054 834 2089 actu
855 2054 1115 2103 repensatur.
1179 2047 1346 2089 Paulin.
1369 2046 1468 2088 Nol.
1491 2061 1553 2102 ep.
1579 2048 1632 2088 29

75 2118 102 2158 9
124 2117 196 2157 illi
217 2117 388 2158 uotiuus
409 2117 584 2159 Samuel
604 2118 650 2158 in
666 2118 817 2173 plures
835 2123 989 2173 partus
1011 2123 1258 2173 repensatus
1279 2123 1347 2159 est.
1400 2116 1508 2157 Vell.
1533 2115 1632 2157 Sen.

74 2185 244 2229 Colum.
267 2187 384 2228 Lact.
408 2187 513 2241 [add
533 2187 646 2244 Aug.
669 2203 701 2229 c.
720 2188 852 2229 Acad.
871 2199 906 2228 II
924 2190 950 2229 3
973 2188 1075 2241 (but
1097 2188 1210 2244 Aug.
1234 2187 1395 2243 prefers
1417 2186 1632 2241 rependo),

75 2257 276 2313 Ps.-Aug.
299 2272 422 2299 serm.
445 2263 522 2299 ter.
587 2257 721 2311 A.S.].

163 2342 201 2383 p.
227 2329 310 2368 108
333 2327 355 2368 l.
382 2329 406 2367 2
430 2339 621 2369 FACVLIS
649 2327 794 2384 Scorp.
824 2330 848 2370 6
874 2343 913 2384 p.
939 2330 1021 2369 158
1045 2328 1068 2369 l.
1094 2327 1116 2369 7
1141 2328 1267 2369 Wiss.
1296 2327 1467 2382 qui—is
1494 2326 1630 2368 oleum
1649 2341 1693 2372 30

75 2413 156 2439 non
172 2404 518 2453 praeparassent.
563 2397 674 2440 Cato
690 2398 824 2440 Varro
839 2398 957 2441 Cinc.
973 2413 1038 2454 ap.
1055 2398 1162 2439 Gell.
1179 2397 1446 2453 Plau‘o.uulg.
1462 2396 1629 2437 Paulin.

74 2482 141 2523 ep.
163 2470 217 2508 41
244 2470 280 2509 1.
343 2467 459 2509 Hist.
482 2468 680 2523 Apollon.
699 2468 813 2524 regis
831 2469 934 2524 Tyri
949 2471 1003 2510 26
1026 2468 1096 2510 fin.
1160 2468 1201 2522 [I
1224 2468 1334 2509 have
1357 2470 1381 2508 5
1405 2482 1497 2508 exx.
1521 2467 1629 2507 from

76 2536 201 2593 Aug.‚
223 2536 309 2577 and
331 2551 410 2577 one
433 2537 541 2577 from
571 2537 772 2592 Ps.-Aug.
796 2537 931 2578 Serm.
985 2537 1035 2578 A.
1053 2536 1116 2590 S.]
1179 2536 1330 2577 Nero's
1361 2536 1448 2576 fire.
1511 2534 1628 2576 Lact.

75 2605 143 2647 De
176 2607 301 2647 Moris.
326 2606 488 2647 Perseo.
518 2609 572 2647 14
605 2606 741 2659 (cited
772 2606 830 2662 by
852 2606 1113 2659 Woodham)
1135 2605 1207 2647 sed
1233 2605 1395 2647 Caesar
1422 2620 1501 2646 non
1535 2620 1627 2646 con-

73 2681 211 2717 tentus
245 2681 304 2717 est
337 2676 464 2717 edicti
506 2675 674 2730 leqibus.
737 2675 863 2717 aliter
903 2675 1217 2716 Diocletianum
1258 2674 1437 2729 aqqredi
1481 2679 1626 2728 parat.
1646 2686 1690 2719 35

77 2759 178 2785 nam
226 2751 270 2785 ut
310 2745 437 2785 illum
479 2744 537 2785 ad
572 2745 841 2799 propositum
882 2744 1173 2786 crudelissime
1210 2744 1513 2799 persecutionis
1547 2744 1627 2784 im-

74 2813 260 2867 pelleret,
291 2814 463 2855 occultis
494 2813 702 2855 ministris
727 2814 897 2869 palatio
938 2813 1110 2855 subiecit
1144 2814 1397 2855 incendium.
1462 2819 1499 2855 et
1535 2828 1629 2855 cum

69 2896 180 2936 pars
202 2882 411 2937 quaedam
434 2884 746 2938 conflaqrasset‚
772 2882 1008 2924 Christiani
1035 2882 1324 2937 arquebantur
1350 2883 1466 2924 uelut
1496 2882 1629 2924 hostes
