1975 3306
296 148 374 189 194
867 144 1274 186 TERTVLLIANI
1538 145 1597 200 [p.
1622 146 1674 186 28
1698 144 1726 187 l.
1754 146 1862 186 10—-

290 264 429 306 solum
460 269 498 306 et
533 263 703 311 incestu,
740 261 813 304 sed
844 267 882 303 et
922 260 1034 317 qnod
1069 261 1315 303 sceleratius
1351 260 1561 317 quiddam
1602 267 1662 303 est
1702 260 1860 303 incestu

290 333 383 389 ipso
415 338 452 375 et
483 332 724 381 homicidio,
752 331 913 373 incestu
939 336 1127 372 matrum
1160 337 1535 373 sacrosanctarum
1563 337 1601 373 et
1632 330 1860 372 homicidio

290 402 574 445 innocentium
596 401 902 457 paruulorum,
932 415 1035 456 qnos
1062 415 1147 442 non«
1178 400 1314 442 occidi
1339 406 1504 443 tantum
1532 415 1559 442 a
1590 399 1864 448 Christianis,

289 473 373 523 sed,
403 472 514 529 quod
541 474 683 527 mayis
714 471 1050 513 abominandum
1081 477 1150 521 est,
1183 471 1320 513 etiam·
1345 471 1501 513 uorari
1531 469 1863 512 existimabant:

250 559 270 592 5
291 549 329 586 et
360 544 460 586 haec
495 542 761 585 omnia...ad
794 541 1126 597 promerendam
1162 542 1295 583 uitam
1327 547 1558 590 aeternam,
1592 540 1717 596 quasi
1749 555 1861 589 uero,

291 614 463 656 etiamsi
486 619 629 669 posset
659 612 726 654 his
758 611 883 654 rebus
912 612 1062 667 accipi,
1096 612 1207 653 tanti
1243 617 1347 653 esset
1378 611 1437 653 ad
1468 626 1562 653 eam
1593 626 1671 667 per
1702 611 1859 653 scelera.

290 691 380 727 tam
401 685 617 726 immania
633 684 877 741 peruenire.

378 769 419 811 p.
443 757 497 795 28
521 755 546 795 l.
571 756 624 796 13
648 765 813 795 RVDEM
840 752 1002 794 Minue.
1027 754 1083 794 30
1104 750 1124 809 ξ
1148 755 1169 793 1
1200 752 1330 794 illum
1358 752 1450 793 iam
1474 752 1602 794 uelim
1624 751 1856 800 conuenire,

290 826 365 880 qui
391 825 566 867 initiari
590 840 667 867 nos
698 824 804 867 dicit
835 829 911 865 ant
944 822 1078 865 credit
1107 822 1158 865 cle
1191 822 1317 865 caede
1344 821 1532 878 infantis
1565 827 1603 864 et
1635 822 1858 877 sanyuine.

228 913 271 936 10
283 902 417 952 putas
450 910 574 952 posse
607 895 724 951 fieri,
761 900 808 937 ut
851 900 940 936 tam
977 893 1117 942 molle,
1153 899 1242 935 tam
1280 893 1521 948 paruulum
1563 908 1716 949 corpus
1745 892 1851 948 fata

290 963 518 1006 uulnerum
547 964 724 1020 capiat?
766 969 813 1005 ut
839 964 1064 1019 qaisquam
1092 962 1220 1004 illum
1249 963 1401 1004 rudem
1422 963 1674 1018 sanquinem
1695 962 1856 1005 nouelli

287 1040 325 1076 et
346 1034 527 1076 uioeduni
548 1034 734 1076 hominis
744 1033 914 1090 fundat
935 1033 1086 1075 caedat
1108 1033 1370 1075 eoehauriat?

376 1121 414 1162 p.
439 1108 493 1147 28
518 1106 544 1148 l.
570 1108 623 1146 14
646 1116 850 1146 INTEREA
872 1111 951 1146 cet.
1014 1105 1063 1146 cf.
1087 1104 1141 1145 ad
1163 1110 1251 1146 nab.
1276 1115 1291 1145 Ι
1317 1103 1340 1145 7
1364 1119 1402 1160 p.
1428 1103 1479 1145 71
1505 1106 1531 1146 3
1554 1104 1680 1146 Wiss.

376 1192 414 1233 p.
439 1178 493 1218 28
516 1177 540 1218 l.
567 1175 618 1218 17
642 1187 781 1217 TALIA
803 1186 1040 1216 INITIATVS
1062 1174 1159 1216 adu.
1183 1174 1313 1216 Mare.
1338 1186 1387 1216 Π
1412 1177 1462 1215 11
1483 1190 1521 1231 p.
1545 1176 1631 1216 450
1655 1174 1679 1216 l.
1700 1175 1754 1214 14
1778 1172 1853 1214 Kr.

226 1262 266 1294 15
288 1248 425 1289 aliam
447 1247 608 1289 scilicet
630 1253 669 1289 et
689 1247 958 1289 contrariam
977 1246 1173 1287 initiatos
1194 1246 1482 1287 diuinitatem.
1537 1248 1588 1286 21
1614 1261 1653 1302 p.
1672 1247 1754 1288 491
1781 1245 1804 1288 l.
1830 1245 1852 1287 7

289 1318 363 1360 Kr.
388 1333 459 1360 nec
473 1318 639 1374 pannis
659 1318 750 1359 iam
772 1317 1019 1373 sepultarae
1039 1317 1313 1358 innolucr‘zmn
1335 1316 1545 1358 initiatus.

376 1400 694 1431 CONSIGNATVS
721 1387 866 1444 Scorp.
898 1389 924 1428 4
947 1388 972 1429 f.
995 1387 1178 1429 militem
1208 1393 1498 1429 sacramento:
1530 1387 1642 1429 later
1663 1391 1671 1406 ‘
1687 1392 1731 1428 to
1753 1401 1851 1428 con-

285 1460 406 1502 firm?
458 1460 677 1517 Bingham
700 1471 771 1500 XII
795 1461 818 1500 2
844 1457 864 1516 ἓ
885 1461 911 1499 4
933 1474 973 1500 n.
998 1460 1065 1500 86.
1098 1460 1123 1500 3
1145 1456 1165 1515 ξ
1186 1460 1213 1499 4
1235 1473 1275 1499 n.
1302 1458 1367 1500 17.

374 1547 413 1588 p.
449 1532 503 1572 28
536 1531 562 1572 1.
597 1532 650 1571 18
683 1541 821 1571 CVPIO
853 1540 1152 1570 RESPONDEAS
1184 1535 1263 1570 cet.
1327 1529 1375 1570 cf.
1407 1529 1461 1570 ad
1484 1536 1572 1570 nab.
1596 1540 1612 1570 1
1637 1528 1659 1570 7
1684 1543 1722 1585 p.
1747 1528 1798 1570 71
1826 1527 1849 1569 7

225 1616 269 1639 20
288 1602 415 1644 Wiss.

376 1684 416 1714 SI
439 1687 474 1713 c.
496 1673 520 1713 6
544 1686 607 1728 pr.
628 1676 741 1712 nobe.

375 1758 416 1799 p.
439 1744 493 1784 28
517 1743 542 1784 l.
566 1744 617 1783 21
644 1752 754 1783 ALIA
775 1747 858 1783 cet.
919 1741 969 1783 cf.
993 1740 1047 1782 ad
1069 1747 1159 1783 nat.
1183 1752 1198 1782 Ι
1224 1740 1246 1782 7
1267 1742 1291 1782 f.

377 1812 577 1854 Philostr.
601 1811 743 1868 Apoll.
762 1823 817 1852 ΙΙΙ
839 1813 894 1852 45
910 1811 951 1852 ff.
975 1826 1000 1851 a
1022 1811 1147 1852 beasb
1169 1810 1276 1852 with
1300 1809 1436 1851 man’s
1459 1809 1581 1859 head,
1604 1809 1652 1851 of
1668 1809 1743 1851 ‘ohe
1766 1809 1851 1851 size

288 1885 335 1925 of
351 1899 376 1925 a
398 1883 497 1933 lion,
515 1882 721 1938 shoo‘oing
737 1882 846 1923 from
863 1881 921 1923 ihs
944 1880 1023 1923 tail
1041 1880 1282 1922 thorn-like
1301 1880 1427 1930 hairs,
1445 1895 1470 1921 a
1486 1879 1608 1921 cubit
1624 1879 1671 1920 in
1687 1880 1854 1936 length.

226 1965 269 1996 25
289 1953 477 2002 Iarchas,
496 1952 592 1993 who
614 1950 838 1993 described
862 1950 998 2000 these,
1016 1950 1175 1992 denied
1198 1950 1273 1992 the
1292 1950 1512 1992 existence
1535 1950 1582 1991 of
1599 1949 1852 1994 σκιάποδες.

290 2021 540 2068 σκιάποδας
570 2021 615 2065 δὲ
640 2020 915 2078 ἀνθρώπους,
945 2020 971 2074 ἢ
997 2021 1372 2076 μακροκεφάλους
1398 2019 1425 2074 ἢ
1449 2017 1599 2062 ὁπόσα
1623 2019 1852 2065 Σκύλακος

290 2091 544 2150 ξυτγνγραφαὶ
567 2091 670 2148 περὶ
694 2092 864 2134 τούτων
887 2089 1082 2148 ᾄδουσιν,
1106 2090 1207 2133 οὔτε
1228 2089 1400 2132 ἄλλοσέ
1423 2107 1501 2132 ποι
1527 2089 1749 2142 βιοτεύειν
1775 2093 1853 2143 τῆς

288 2166 368 2217 «γῆς
401 2162 502 2205 οὔτε
529 2160 616 2216 μὴν
649 2162 694 2204 ἐν
724 2159 887 2206 Ἰνδοῖς.
951 2160 1059 2202 Plin.
1084 2172 1152 2201 VII
1180 2158 1199 2216 ἓ
1222 2162 1277 2202 23
1300 2160 1428 2212 (from
1453 2158 1780 2215 Megasthenes)
1806 2159 1849 2200 in

289 2231 711 2275 maltis...montibus
753 2246 887 2286 yenzcs
933 2230 1151 2272 hominnm
1198 2229 1408 2285 capitibus
1450 2229 1617 2271 caninis
1645 2228 1852 2284 ferarum

229 2319 272 2350 30
285 2303 472 2358 pellibus
508 2302 663 2351 uelari,
698 2316 783 2356 pro
823 2315 919 2342 noce
961 2301 1170 2343 latratum
1211 2300 1344 2348 edere,
1382 2298 1592 2354 impetibus
1633 2304 1853 2340 armatam

291 2379 450 2415 uenatu
486 2378 523 2414 et
561 2372 743 2427 aucupio
780 2371 1121 2413 uesci...Ctesias
1155 2370 1579 2413 scribit...hominnm
1612 2385 1745 2424 yenus
1780 2371 1854 2426 qni

295 2443 504 2485 Monocoli
539 2447 798 2484 uocarentur
837 2441 1023 2496 sin-aulis
1059 2441 1266 2489 cruribus,
1308 2441 1449 2482 mirae
1483 2440 1758 2495 pernicitatis
1794 2441 1853 2482 ad

292 2514 463 2563 saltum,
494 2513 662 2555 eosdem
699 2512 939 2568 Sciapodas
971 2512 1131 2562 uocari,
1163 2511 1274 2567 qnod
1303 2511 1348 2552 in
1387 2510 1548 2552 maiori
1581 2515 1700 2552 aesta
1732 2510 1852 2551 humi

291 2584 476 2626 iacentes
506 2583 701 2638 resupini
730 2581 883 2624 umbra
914 2597 957 2624 se
981 2582 1143 2637 pedum
1171 2585 1409 2637 proteyaizt.

231 2664 273 2696 35
383 2667 421 2708 p.
446 2654 500 2692 28
523 2652 545 2692 l.
571 2653 626 2693 23
649 2662 795 2692 NERVI
818 2650 873 2692 ad
896 2656 984 2692 nab.
1008 2662 1023 2691 Ι
1047 2650 1069 2692 7
1091 2650 1114 2692 f.
1168 2650 1264 2691 qu.
1286 2652 1340 2691 10
1364 2650 1448 2691 206
1471 2664 1513 2690 n.
1565 2648 1714 2690 Burm.
1730 2640 1854 2690 anth.

294 2734 329 2764 11
351 2737 423 2778 pp.
446 2723 688 2764 533-541.
710 2721 848 2777 priap.
871 2722 925 2762 68
950 2723 1016 2762 23.
1074 2720 1215 2761 Acron
1239 2720 1283 2761 in
1303 2720 1406 2761 Hor.
1430 2735 1460 2761 s.
1481 2722 1501 2760 1
1530 2721 1553 2760 2
1580 2721 1676 2760 118.
1728 2718 1850 2761 Suid.

292 2807 362 2834 s.v.
389 2791 620 2847 ὨριΎένης
648 2806 687 2847 p.
720 2793 829 2832 1281
867 2793 921 2832 14
952 2791 1109 2832 Bernh.
1174 2790 1390 2846 Epiphan.
1416 2789 1533 2830 haer.
1560 2800 1673 2830 LXIV
1705 2791 1785 2829 111
1814 2792 1852 2842 (Ι

293 2860 375 2903 527
395 2864 452 2915 α).
