1975 3306
264 167 343 206 108
840 166 1244 208 TERTVLLIANI

257 280 311 321 de
349 287 441 322 tam
479 282 686 323 animatis
723 282 779 323 ad
817 288 1002 323 mortem
1042 297 1179 336 usque
1216 297 1294 337 pro
1331 282 1488 323 iniuria
1524 287 1820 337 repensatum,

260 362 439 415 quando
476 363 543 403 uel
581 378 667 404 una
704 378 791 404 nox
828 363 1025 418 pauculis
1062 363 1215 404 faculis
1251 364 1427 419 largiter
1462 364 1640 405 ultionis
1677 369 1824 418 posset

260 444 443 497 operari,
472 445 506 485 si
534 445 698 486 malum
726 446 840 486 malo
868 446 1070 500 dispungi
1097 460 1229 500 penes
1254 460 1333 486 nos
1358 445 1533 486 liceret?
1597 444 1681 486 Sed
1707 444 1824 486 absit

261 528 311 563 ut
339 529 417 564 aut
443 524 531 579 igni
560 525 752 565 humano
780 525 1028 566 uindicetur
1055 525 1204 565 diuina
1232 531 1351 566 secta
1378 531 1457 566 aut
1483 525 1631 566 doleat
1658 524 1751 579 pati
1778 524 1823 564 in

260 619 348 657 quo
372 605 598 659 probatur.
661 607 703 648 Si
728 607 842 648 enim
867 612 911 648 et
934 607 1081 648 hostes
1105 613 1289 657 exertos,
1316 623 1403 648 non
1427 613 1605 649 tantum
1628 606 1823 647 uindices
1844 623 1863 654 5

260 686 455 727 occultos
503 702 628 742 agere
675 688 898 737 uellemus‚
948 688 1119 730 deesset
1166 688 1290 730 nobis
1338 689 1403 730 uis
1450 703 1731 729 numerorum
1780 693 1824 728 et

260 766 513 820 copiarum?
578 768 727 809 Plures
775 769 980 809 nimirum
1030 768 1168 810 Mauri
1218 774 1262 810 et
1309 769 1608 810 Marcomanni
1655 768 1825 823 ipsique

262 846 428 897 Parthi,
459 849 527 889 uel
555 855 924 904 quantaecunque
952 850 1080 890 unius
1108 855 1257 891 tamen
1285 850 1365 891 loci
1395 855 1439 891 et
1465 864 1643 891 suorum
1670 848 1825 889 finium

260 934 412 982 gentes
447 945 579 984 quam
616 931 753 972 totius
787 931 916 973 orbis.
979 931 1184 973 Hesterni
1219 947 1382 981 sumus,
1420 938 1464 973 et
1497 937 1644 973 uestra
1678 930 1826 972 omnia

259 1009 553 1064 impleuimus,
596 1011 736 1061 urbes,
777 1012 954 1062 insulas,
996 1012 1187 1062 castella,
1230 1013 1480 1067 municipia,
1522 1011 1823 1060 conciliabula,
1850 1028 1893 1050 10

260 1092 542 1147 castmipsa,
576 1093 730 1142 tribus,
764 1094 974 1143 decurias,
1007 1094 1237 1148 palatium,
1270 1100 1487 1144 senatum,
1519 1094 1687 1143 forum3
1735 1093 1826 1134 sola

262 1173 388 1214 uobis
420 1174 674 1229 reliquimus
706 1175 885 1230 templa.
947 1175 1025 1216 Cui
1057 1175 1169 1216 bello
1202 1190 1290 1216 non
1321 1176 1479 1226 idonei,
1513 1190 1601 1216 non
1633 1173 1827 1230 prompti

262 1256 507 1306 fuissemus,
542 1257 676 1298 etiam
706 1257 880 1312 inpares
911 1257 1058 1312 copiis,
1093 1258 1167 1312 qui
1199 1263 1292 1299 tam
1323 1258 1509 1299 libenter
1539 1257 1824 1305 trucidamur,

262 1337 297 1378 si
313 1352 399 1378 non
414 1337 533 1392 apud
547 1338 679 1378 istam
693 1337 969 1393 disciplinam
984 1338 1122 1393 magis
1136 1338 1273 1380 occidi
1287 1339 1436 1380 liceret
1451 1353 1585 1393 quam
1600 1337 1823 1379 occidere?

263 1418 496 1459 Potuimus
527 1424 571 1459 et
601 1419 789 1460 inermes
820 1433 899 1460 nec
930 1419 1122 1469 rebelles,
1156 1420 1231 1461 sed
1263 1420 1575 1461 tantummodo
1607 1417 1827 1460 discordes
1851 1433 1892 1464 15

262 1499 395 1540 solius
425 1500 603 1541 diuortii
632 1500 799 1541 inuidia
829 1500 1039 1541 aduersus
1069 1515 1147 1542 uos
1177 1501 1418 1543 dimicasse.
1481 1501 1524 1543 Si
1554 1501 1669 1542 enim
1699 1505 1827 1541 tanta

264 1581 330 1621 uis
364 1580 591 1621 hominum
624 1580 669 1621 in
702 1581 894 1635 aliquem
927 1581 1043 1622 orbis
1077 1582 1232 1623 remoti
1266 1583 1410 1624 sinum
1444 1582 1770 1637 abrupissemus
1802 1595 1828 1621 a

264 1661 402 1710 uobis,
437 1661 691 1703 suffudisset
723 1663 876 1718 utique
907 1663 1255 1705 dominationem
1287 1670 1480 1706 uestram
1513 1670 1582 1706 tot
1613 1663 1827 1718 qualium-

264 1757 453 1797 cumque
500 1743 662 1783 ciuium
709 1744 898 1793 amissio,
946 1744 1081 1785 immo
1129 1745 1263 1786 etiam
1311 1750 1355 1786 et
1400 1745 1494 1800 ipsa
1541 1744 1830 1786 destitutione

265 1825 476 1879 punisset.
539 1825 695 1866 Procul
728 1825 862 1866 dubio
897 1827 1184 1881 expauissetis
1216 1826 1273 1867 ad
1305 1827 1587 1868 solitudinem
1620 1831 1827 1875 uestram,
1852 1844 1897 1866 20

265 1906 322 1946 ad
351 1906 573 1947 silentium
602 1921 745 1946 rerum
776 1912 820 1947 et
847 1912 1073 1962 stuporem
1103 1907 1324 1962 quendam
1353 1908 1478 1962 quasi
1507 1907 1670 1948 mortui
1698 1907 1827 1948 orbis.

267 1986 554 2036 Quaesissetis
571 1987 730 2041 quibus
746 1987 1032 2042 imperaretis.
1095 1989 1244 2030 Plures
1261 1989 1407 2030 hostes
1423 2003 1556 2044 quam
1573 1989 1689 2029 ciues
1705 1987 1830 2028 uobis

264 2074 588 2115 remansissent.
652 2074 779 2114 Nunc
803 2075 917 2115 enim
942 2076 1167 2130 pauciores
1190 2076 1338 2117 hostes
1361 2076 1533 2117 habetis
1556 2090 1658 2130 prae
1682 2075 1828 2115 multi-

264 2161 418 2201 tudine
448 2160 808 2209 Christianorum,
840 2176 977 2215 paene
1007 2162 1203 2202 omnium
1234 2162 1483 2203 ciuitatium
1512 2176 1650 2216 paene
1679 2175 1830 2202 omnes

264 2249 381 2289 ciues
404 2248 672 2289 Christianos
694 2248 910 2289 habendo.
973 2249 1057 2289 Sed
1080 2249 1226 2290 hostes
1249 2249 1464 2290 maluistis
1487 2263 1642 2290 uocare
1662 2248 1829 2303 generis
1850 2267 1869 2290 2
1876 2268 1894 2299 5

267 2334 448 2375 humani
476 2335 624 2389 potius
650 2349 783 2389 quam
812 2335 965 2376 erroris
994 2335 1188 2376 humani.
1252 2335 1356 2385 Quis
1383 2341 1532 2377 autem
1561 2350 1638 2376 uos
1665 2335 1720 2376 ab
1748 2335 1829 2376 illis

267 2421 450 2462 occultis
494 2427 537 2462 et
581 2436 897 2476 usquequaque
941 2423 1222 2464 uastantibus
1266 2429 1434 2464 mentes
1478 2428 1522 2464 et
1564 2422 1830 2463 ualitudines

268 2514 438 2548 uestras
464 2507 663 2548 hostibus
689 2514 873 2562 raperet⁷
901 2523 926 2549 a
952 2509 1284 2550 daemoniorum
1309 2509 1554 2550 incursibus
1579 2508 1688 2558 dico,
1717 2523 1829 2563 quae

268 2593 322 2634 de
356 2594 480 2634 uobis
513 2594 604 2634 sine
637 2595 843 2648 praemio,
879 2595 970 2636 sine
1004 2595 1200 2636 mercede
1233 2595 1516 2650 depellimus?
1579 2595 1830 2636 Suffecisset

269 2680 350 2721 hoc
368 2680 507 2721 solum
525 2686 700 2721 nostrae
720 2681 887 2731 ultioni,
909 2682 1026 2736 quod
1045 2696 1184 2723 uacua
1204 2681 1359 2722 exinde
1376 2681 1588 2736 possessio
1606 2681 1829 2722 inmundis
1851 2704 1896 2735 30

267 2766 493 2822 spiritibus
527 2773 710 2821 pateret.
774 2768 906 2808 Porro
941 2782 1020 2808 nec
1055 2769 1168 2809 tanti
1204 2767 1405 2822 praesidii
1441 2768 1828 2822 conpensationem

268 2854 513 2907 cogitantes
541 2868 626 2894 11011
655 2854 784 2894 modo
811 2869 898 2895 non
926 2855 1159 2896 molestum
1187 2855 1312 2895 uobis
1337 2868 1486 2910 genus,
1515 2868 1667 2895 uerum
1695 2854 1828 2895 etiam
