1975 3306
267 136 346 176 144
844 129 1251 172 TERTVLLIANI

265 261 311 297 et
358 255 403 296 in
453 253 717 309 captiuitate
765 251 1002 293 uictorem!
1063 250 1366 300 Anaxarchus,
1419 264 1518 291 cum
1567 250 1612 291 in
1663 250 1831 291 exitum

266 336 436 378 tisanae
466 335 553 390 pilo
586 333 953 375 contunderetur:
1003 331 1170 381 Tunde,
1203 330 1354 382 tunde,
1387 331 1548 382 aiebat,
1581 331 1831 372 Anaxarchi

265 416 426 466 follem,
463 414 778 456 Anaxarchum
813 413 928 454 enim
962 427 1051 454 non
1085 412 1258 454 tundis:
1311 426 1336 453 o
1371 411 1619 467 philosophi
1654 427 1830 468 magna—

265 497 531 546 nimitatem,
556 496 630 551 qui
653 495 707 536 de
731 494 810 537 tali
836 494 959 535 exitu
984 508 1062 535 suo
1092 494 1226 535 etiam
1251 493 1503 535 iocabatur!
1568 493 1738 535 Omitto
1761 508 1832 535 eos

268 579 342 634 qui
369 593 467 619 cum
493 577 639 633 gladio
665 576 842 632 proprio
868 575 937 616 uel
963 575 1047 616 alio
1074 589 1229 630 genere
1255 574 1409 615 mortis
1434 574 1607 615 mitiore
1629 574 1682 615 de
1703 574 1832 615 laude
1855 587 1878 617 5

265 661 539 716 pepigerunt.
601 658 714 699 Ecce
740 657 855 698 enim
882 662 926 698 et
950 661 1274 698 tormentorum
1300 655 1541 696 certamina
1567 660 1834 696 coronantur

267 757 293 784 a
340 741 479 783 uobis.
540 740 691 782 Attica
738 739 946 780 meretrix
994 738 1194 779 carnifice
1240 738 1328 779 iam
1376 737 1564 793 fatigato
1610 742 1833 792 postremo

266 820 462 876 linguam
494 833 619 860 suam
651 832 871 859 comesam
901 817 947 858 in
978 816 1135 858 faciem
1166 816 1345 871 tyranni
1376 815 1612 857 saeuientis
1643 816 1831 873 exspuit,

268 905 320 941 ut
346 903 579 954 exspueret
605 903 649 939 et
673 911 841 946 uocem,
869 910 924 937 ne
950 895 1200 937 coniuratos
1227 894 1424 936 confiteri
1450 899 1610 949 posset,
1639 894 1673 935 si
1699 894 1833 935 etiam

268 978 388 1019 uicta
417 977 641 1019 uoluisset.
703 975 819 1016 Zeno
849 974 1025 1015 Eleates
1054 973 1280 1014 consultus
1309 987 1334 1013 a
1363 972 1590 1027 Dionysio,
1622 972 1832 1027 quidnam
1858 987 1905 1009 10

270 1056 546 1111 philosophia
562 1058 821 1110 praestaret,
839 1067 938 1094 cum
953 1052 1249 1108 respondisset
1263 1056 1569 1106 contemptum
1587 1050 1754 1100 mortis,
1769 1051 1833 1091 in-

270 1134 487 1190 passibilis
512 1132 692 1189 flagellis
712 1131 892 1187 tyranni
913 1131 1111 1172 obiectus
1132 1130 1399 1171 sententiam
1420 1143 1546 1170 suam
1568 1129 1625 1170 ad
1646 1134 1833 1170 mortem

271 1227 427 1268 usque,
450 1211 667 1268 signabat.
744 1210 869 1252 Certe
910 1209 1135 1250 Laconum
1176 1207 1345 1263 flagella
1386 1207 1467 1249 sub
1515 1206 1651 1248 oculis
1699 1207 1833 1248 etiam

271 1290 548 1333 hortantium
564 1289 913 1345 propinquorum
930 1287 1136 1329 acerbata
1153 1291 1332 1328 tantum
1349 1285 1558 1327 honorem
1576 1285 1835 1326 tolerantiae

271 1368 422 1410 domui
472 1367 706 1409 conferunt
755 1371 974 1421 quantum
1024 1365 1247 1420 sanguinis
1297 1364 1504 1405 fuderint.
1568 1362 1603 1404 Ο
1653 1363 1835 1419 gloriam
1858 1378 1903 1410 15

271 1449 451 1499 licitam,
501 1448 604 1503 quja
650 1447 904 1496 humanam,
954 1446 1022 1487 cui
1067 1460 1146 1486 nec
1193 1444 1493 1500 praesumptio
1539 1444 1712 1499 perdita
1757 1458 1836 1485 nec

272 1527 494 1582 persuasio
527 1526 759 1580 desperata
788 1529 1023 1579 reputatur
1052 1523 1098 1566 in
1129 1528 1390 1578 contemptu
1420 1523 1574 1564 mortis
1606 1527 1650 1564 et
1680 1522 1835 1564 atroci-

272 1605 380 1647 tatis
420 1604 712 1654 omnimodae,
755 1603 823 1644 cui
863 1607 1043 1644 tantum
1083 1616 1161 1657 pro
1201 1602 1359 1656 patria,
1402 1616 1480 1656 pro
1519 1601 1715 1656 imperio,
1757 1615 1836 1655 pro

273 1683 467 1725 amicitia
497 1683 592 1739 pati
621 1682 881 1738 permissum
912 1686 979 1723 est
1007 1686 1226 1736 quantum
1256 1695 1334 1736 pro
1364 1681 1445 1721 deo
1474 1695 1563 1721 non
1592 1680 1715 1721 licet!
1777 1680 1837 1721 Et

273 1768 425 1804 tamen
442 1762 525 1804 illis
543 1761 748 1803 omnibus
767 1765 811 1801 et
828 1765 1001 1801 statuas
1020 1758 1274 1809 defunditis,
1296 1764 1340 1800 et
1357 1758 1568 1813 imagines
1585 1757 1834 1807 inscribitis,
1857 1773 1905 1796 20

275 1846 320 1882 et
346 1841 500 1882 titulos
526 1839 719 1881 inciditis
745 1839 790 1880 in
818 1837 1141 1879 aeternitatem.
1204 1836 1431 1886 Quantum
1459 1836 1513 1877 de
1540 1835 1838 1877 monumentis

274 1919 461 1974 potestis
487 1918 663 1968 scilicet,
692 1916 928 1972 praestatis
955 1921 999 1957 et
1023 1916 1107 1971 ipsi
1133 1915 1461 1970 quodammodo
1489 1914 1674 1956 mortuis
1699 1928 1836 1955 resur-

273 1996 526 2037 rectionem.
587 1995 717 2036 Hanc
742 1995 816 2050 qui
841 2009 991 2036 ueram
1015 2009 1041 2035 a
1065 1994 1146 2035 deo
1171 1999 1331 2048 sperat,
1358 1993 1393 2035 si
1417 2008 1495 2048 pro
1519 1993 1600 2034 deo
1625 1993 1835 2048 patiatur,

274 2075 455 2117 insanus
475 2080 553 2116 est.
615 2074 699 2115 Sed
718 2073 799 2115 hoc
818 2073 947 2128 agite,
968 2072 1071 2113 boni
1090 2072 1323 2127 praesides,
1344 2071 1541 2113 meliores
1559 2071 1699 2112 multo
1719 2070 1838 2126 apud

276 2153 489 2209 populum
521 2153 555 2194 si
586 2152 669 2193 illis
701 2151 971 2193 Christianos
1001 2150 1347 2200 immolaueritis,
1381 2149 1585 2199 cruciate,
1619 2154 1834 2203 torquete,
1859 2165 1905 2196 25

276 2230 500 2281 damnate,
531 2231 711 2272 atterite
738 2244 839 2271 nos:
886 2228 1090 2284 probatio
1120 2234 1186 2269 est
1215 2228 1330 2269 enim
1357 2227 1634 2269 innocentiae
1662 2231 1838 2267 nostrae

275 2308 487 2363 iniquitas
519 2314 680 2350 uestra.
741 2308 848 2349 Ideo
881 2322 961 2349 nos
994 2307 1100 2347 haec
1134 2307 1227 2361 pati
1262 2306 1368 2347 deus
1401 2306 1583 2361 patitur.
1644 2305 1759 2346 Nam
1795 2310 1839 2345 et

276 2387 475 2441 proxime
505 2386 562 2427 ad
593 2386 794 2427 lenonem
826 2385 1079 2427 damnando
1112 2383 1404 2426 Christianam
1437 2384 1584 2439 potius
1616 2398 1749 2437 quam
1781 2382 1837 2423 ad

276 2464 445 2505 leonem
485 2464 669 2505 confessi
708 2464 811 2505 estis
848 2463 992 2505 labem
1030 2463 1268 2518 pudicitiae
1306 2462 1425 2517 apud
1461 2476 1541 2502 nos
1579 2461 1837 2502 atrociorem

278 2539 397 2579 omni
433 2554 574 2593 poena
610 2544 655 2580 et
689 2539 808 2580 omni
844 2544 985 2580 morte
1020 2538 1227 2592 reputari.
1289 2537 1380 2578 Nec
1416 2537 1652 2591 quicquam
1688 2541 1838 2577 tamen
1858 2548 1907 2580 30

278 2613 452 2667 proficit
489 2613 745 2667 exquisitior
783 2627 983 2667 quaeque
1021 2612 1256 2653 crudelitas
1293 2616 1462 2659 uestra;
1517 2610 1734 2651 inlecebra
1773 2615 1839 2650 est

279 2690 417 2744 magis
459 2696 616 2732 sectae.
678 2690 828 2731 Plures
872 2690 1082 2731 efficimur
1124 2690 1328 2744 quotiens
1370 2689 1577 2730 metimur
1619 2702 1644 2728 a
1687 2687 1835 2737 uobis;

280 2781 427 2808 semen
454 2773 520 2808 est
545 2768 721 2822 sanguis
746 2768 1105 2809 Christianorum.
1167 2767 1295 2808 Multi
1321 2767 1439 2822 apud
1466 2781 1543 2808 uos
1569 2766 1624 2807 ad
1651 2766 1838 2807 toleran—
