1975 3306
225 123 307 163 390
799 117 1207 159 TERTVLLIANI
1435 119 1495 173 [p.
1523 118 1652 159 1121.
1682 120 1788 158 11—

226 238 301 281 καὶ
324 240 415 283 τοῖς
438 238 482 279 ἐν
505 235 683 291 δεσμοῖς
713 235 813 277 οὖσι
843 234 916 277 καὶ
944 237 1032 278 τοῖς
1060 232 1385 290 παρεπιδήμοις
1414 233 1514 276 οὖσι
1544 233 1693 288 ξένοις,
1717 233 1791 276 καὶ

226 309 383 352 ἁπλῶς
411 310 527 349 πᾶσι
555 309 644 350 τοῖς
676 307 720 347 ἐν
750 303 884 364 χρείᾳ
913 305 1016 347 οὖσι
1048 303 1246 357 κηδεμὼν
1274 302 1452 357 Ὑίνεται.
1516 319 1548 346 o.
1579 305 1631 344 14
1658 319 1697 360 Ρ.
1722 307 1793 345 (51C

226 378 254 420 (ἲ
284 378 444 435 ἔχομεν
476 377 535 422 εἰς
566 375 711 418 κοινὸν
741 375 947 432 φέροντες
978 375 1052 416 καὶ
1081 375 1216 417 παντὶ
1248 374 1435 430 δεομένῳ
1469 377 1791 420 κοινωνοῦντες.

226 465 257 491 C.
293 448 345 491 67
380 464 440 504 pr.
475 463 512 504 p.
548 449 620 489 98⁰
655 446 729 489 καὶ
767 446 810 489 οἱ
844 446 1025 503 ἔχοντες
1063 449 1154 492 τοῖς
1191 444 1474 500 λειπομένοις
1517 447 1657 487 ’πᾶσιν
1699 445 1794 487 ἐπι-

186 536 205 567 5
227 521 473 574 κουροῦμεν.
537 533 568 559 Ο.
605 520 657 559 13
690 532 751 573 pr.
780 532 818 573 Ρ.
848 518 920 558 60⁰
953 519 1044 562 τοῖς
1077 515 1296 568 δεομένοις
1331 513 1616 571 προσφέρειν.
1680 514 1793 557 Dial.

226 606 257 631 c.
291 589 449 646 Tryph.
484 604 514 630 c.
544 588 598 630 47
632 604 671 644 p.
703 586 807 630 266b
840 590 1066 630 κοινωνεῖν
1098 586 1322 629 ἁπάντων.
1387 585 1516 642 Cypr.
1551 586 1617 628 De
1651 586 1793 642 Opere

227 667 272 701 eb
306 659 515 700 Eleemos.
545 661 597 698 15
634 657 818 713 locuples
849 662 886 698 et
917 656 1039 697 diues
1071 656 1331 698 dominicum
1359 655 1569 697 celebrare
1597 662 1633 697 te
1660 656 1797 699 credis

228 745 336 785 qaae
384 729 537 772 corban
588 729 759 770 omnino
802 742 886 769 non
930 727 1118 782 respicis,
1160 741 1269 782 qaae
1316 726 1363 766 in
1404 711 1664 772 doiizinicam
1706 727 1797 768 sine

227 800 440 856 sacrificio
473 799 602 848 uenis,
635 814 743 854 quae
767 804 942 854 partem
978 798 1029 839 ole
1065 797 1277 852 sacrificio
1310 797 1421 852 quod
1446 812 1617 852 pauper
1650 797 1798 839 obtulit

167 890 210 912 10
228 871 392 912 sumis?
465 869 680 911 Mosheim
716 868 898 910 Dissert.
936 868 991 909 ad
1030 867 1146 909 Hisn.
1180 867 1292 908 Eccl.
1330 867 1409 908 vol.
1445 878 1480 907 ΙΙ
1517 867 1626 921 (Alb.
1664 867 1797 922 1743)

228 958 267 999 p.
303 944 358 984 36
393 956 478 997 seq.
541 940 745 982 Uhlhorn
787 939 871 981 Die
909 938 1072 981 christal.
1112 937 1515 994 Liebesbhatigkeit
1556 940 1667 979 1882
1710 953 1797 994 seq.

230 1018 254 1055 3
283 1013 384 1054 vols.
448 1012 586 1053 Blunss
619 1011 737 1053 First
769 1011 911 1052 Three
944 1009 1178 1053 Centuries
1209 1008 1378 1051 27-31
1411 1009 1535 1061 (ΝΤ.
1565 1009 1650 1050 and
1681 1009 1798 1065 early

230 1082 437 1136 Church).
502 1081 565 1124 Cf.
597 1080 706 1133 τέλη
739 1080 862 1122 Rom.
898 1082 962 1121 13.
993 1080 1028 1122 7.
1108 1078 1306 1120 Heinrioi
1340 1078 1466 1121 Stud.
1500 1094 1539 1120 u.
1575 1079 1648 1120 Kr.
1684 1081 1794 1120 1881

231 1156 315 1195 520
341 1169 400 1209 sq.

170 1240 210 1272 15
320 1234 568 1265 MENSTRVA
592 1234 672 1263 DIE
695 1221 915 1278 Bingham
938 1233 968 1262 V
991 1223 1018 1262 4
1046 1223 1070 1261 2
1093 1220 1179 1262 and
1202 1222 1228 1262 3
1251 1219 1426 1262 salaries
1448 1219 1551 1276 paid
1574 1220 1798 1276 monthly:

232 1309 464 1337 mensurna
490 1294 649 1336 diuisio
679 1291 807 1349 Cypr.
841 1307 906 1348 ep.
935 1293 991 1333 34
1024 1293 1050 1332 4
1081 1292 1140 1347 (Ρ.
1166 1290 1246 1332 571
1284 1292 1340 1342 2),
1375 1292 1430 1332 39
1467 1292 1492 1332 5
1525 1291 1583 1346 (Ρ.
1621 1293 1704 1332 585
1742 1292 1798 1344 2).

232 1365 300 1406 De
330 1364 473 1421 Opere
511 1370 557 1405 eb
594 1363 804 1405 Eleemos.
838 1364 992 1405 9—13.
1019 1364 1083 1403 15.
1158 1361 1311 1402 Allard
1341 1361 1424 1402 Les
1456 1360 1675 1403 dernieres
1704 1376 1798 1417 per-

232 1434 451 1477 secutions
483 1432 639 1488 (1887)
668 1435 723 1475 39
757 1435 823 1474 40.
889 1432 1072 1474 Henzen
1101 1433 1214 1473 6086
1242 1432 1299 1485 (=
1314 1431 1483 1472 Dessau
1516 1430 1799 1473 7212=CIL

234 1517 319 1546 xlv
353 1507 497 1557 2112).
527 1519 639 1546 omn.
663 1503 748 1560 dig.
774 1515 906 1544 XLVII
938 1505 1004 1545 22.
1032 1505 1058 1544 3
1084 1506 1118 1544 1.
1182 1502 1339 1544 Euseb.
1374 1501 1490 1544 Hist.
1526 1502 1636 1543 Eccl.
1664 1514 1713 1543 vl
1743 1504 1799 1544 43

171 1575 253 1634 2οξ
276 1579 341 1618 11.
410 1575 649 1617 Liebenam
675 1573 1002 1615 Vereinswesen
1024 1588 1094 1629 pp.
1118 1575 1175 1614 40
1199 1574 1249 1613 41
1278 1571 1361 1613 172
1386 1573 1482 1619 320,
1509 1575 1572 1613 11.

322 1662 362 1703 Ρ.
388 1649 470 1688 112
506 1646 529 1687 l.
566 1647 620 1686 14
663 1656 914 1686 POTACVLIS
958 1644 1190 1686 elsewhere
1228 1643 1330 1699 only
1371 1642 1438 1684 De
1476 1642 1603 1685 Carn.
1649 1643 1801 1684 Resur.

234 1720 261 1759 4
292 1733 330 1774 Ρ.
365 1720 420 1759 30
453 1717 477 1758 l.
512 1718 566 1758 22
601 1716 676 1758 Kr.

323 1798 607 1830 VORATRINIS
636 1786 683 1828 in
715 1786 858 1827 Amm.
923 1783 986 1827 Cf.
1010 1783 1251 1825 Liebenam
1279 1785 1345 1824 41.
1371 1784 1466 1824 262.

325 1869 643 1900 DISPENSATVR
675 1862 756 1899 cet.
820 1855 883 1898 Cf.
918 1854 1047 1911 Cypr.
1080 1869 1145 1911 ep.
1174 1854 1227 1895 72
1256 1852 1334 1910 §5
1360 1856 1384 1895 5
1412 1851 1432 1910 ξ
1456 1855 1476 1893 1
1503 1859 1708 1908 quantum
1743 1852 1801 1894 acl

173 1944 215 1975 25
235 1935 428 1985 sumptas
470 1928 763 1984 suggerendos,
805 1927 895 1968 siue
940 1926 1033 1966 illis
1082 1925 1156 1980 qui
1201 1924 1390 1979 ¹qloriosa
1441 1938 1535 1965 uoce
1580 1922 1802 1964 domimini

237 2000 415 2056 confessi
455 2000 502 2040 in
543 2013 709 2041 carcere
750 2004 847 2039 sunt
890 1996 1116 2045 constituti,
1157 1995 1248 2036 siue
1287 1994 1353 2035 liis
1394 1994 1468 2048 qui
1510 2008 1723 2048 pauperes
1764 1999 1802 2035 et

235 2071 470 2126 indiye‘ntes
503 2069 700 2111 laborant
731 2074 768 2110 et
800 2074 941 2109 tamen
972 2067 1019 2107 in
1053 2066 1223 2107 domino
1244 2070 1536 2119 perseuerant,
1562 2069 1660 2119 peto
1690 2063 1801 2104 mhit

236 2141 354 2190 (lesit,
376 2156 471 2182 cum
491 2139 710 2181 summula
733 2138 868 2180 omnis
890 2151 999 2193 quate
1019 2135 1194 2178 redacta
1216 2140 1274 2177 est
1294 2134 1386 2176 illic
1410 2134 1465 2175 sit
1490 2133 1608 2189 apud
1631 2132 1803 2175 clericos

237 2211 467 2253 distributa
497 2215 675 2266 propter
707 2207 915 2250 eiusmodi
946 2221 1079 2255 casus,
1111 2211 1157 2247 ut
1190 2204 1387 2246 haberent
1418 2204 1569 2258 plures
1599 2203 1711 2244 unde
1743 2202 1801 2243 acl

175 2305 219 2336 30
238 2282 500 2325 necessitates
541 2286 579 2322 et
613 2294 844 2335 pressuras
884 2277 1154 2333 sinyulorum
1196 2276 1370 2331 operari
1404 2275 1579 2330 possint.
1643 2273 1800 2315 Iustin.

239 2353 364 2409 Apol.
395 2363 410 2392 Ι
447 2352 497 2393 67
537 2350 674 2404 (cited
707 2365 762 2390 on
794 2350 818 2390 1.
860 2350 944 2400 11).
1020 2347 1183 2402 [Greek
1216 2346 1347 2391 inser.r
1377 2345 1423 2387 in
1457 2345 1645 2400 Ramsay
1678 2344 1802 2385 Luke

241 2423 316 2464 bhe
347 2421 577 2478 Physieian
606 2436 645 2476 p.
669 2422 765 2461 352.
828 2419 878 2460 A.
895 2419 957 2473 S]
1021 2418 1159 2459 Blunt
1188 2416 1326 2472 Righn
1356 2415 1447 2457 Use
1470 2417 1565 2456 315.
1629 2413 1801 2470 Charge

240 2492 413 2549 against
435 2491 510 2532 'ohe
533 2489 790 2546 presidente,
813 2488 880 2530 De
903 2487 1042 2529 Ieiun.
1070 2489 1122 2528 13
1145 2502 1184 2542 Ρ.
1210 2488 1290 2528 291
1316 2486 1340 2527 l.
1366 2487 1419 2526 28
1446 2484 1569 2526 Wiss.
1592 2483 1802 2537 (avariae)

243 2561 294 2603 17
319 2577 358 2618 p.
383 2564 466 2603 296
489 2561 514 2601 1.
540 2563 593 2601 18
611 2559 653 2600 ff.
680 2559 803 2600 Wiss.
826 2559 1084 2615 (gluttony).

178 2646 220 2679 35
330 2646 368 2687 p.
404 2633 486 2672 112
520 2630 543 2670 l.
579 2632 630 2670 15
665 2639 1007 2677 HVMANDISQVE
1040 2627 1109 2668 Ad
1142 2626 1265 2682 Scap.
1304 2627 1329 2667 3
1366 2640 1427 2680 pr.
1464 2625 1501 2678 (1
1537 2625 1622 2665 543
1657 2624 1702 2677 2)
1729 2622 1804 2664 sub

242 2702 482 2744 Hilariano
526 2699 730 2756 praeside
781 2715 875 2741 cam
927 2699 977 2741 de
1025 2698 1139 2740 areis
1188 2696 1512 2752 sepulturarum
1560 2700 1805 2736 nostrarum

243 2772 579 2814 aclclamassent:
621 2784 748 2812 areae
782 2785 863 2811 non
897 2769 1012 2810 sint!
1086 2766 1215 2824 Cypr.
1251 2781 1314 2822 ep.
1352 2768 1377 2806 8
1414 2763 1434 2822 ξ
1467 2767 1493 2805 3
1524 2765 1614 2806 siae
1645 2764 1805 2805 uiduae

241 2843 332 2884 siue
373 2840 614 2883 thlibomeni
655 2839 729 2894 qui
769 2853 811 2880 se
852 2838 1041 2880 exhibere
1081 2852 1164 2878 ‘non
1203 2841 1383 2892 possunt
1427 2835 1518 2876 siue
1557 2833 1603 2875 lii
1644 2833 1718 2888 qui
1758 2833 1804 2874 in
