1975 3306
92 128 134 170 p.
160 115 212 156 68
234 114 261 156 l.
288 116 363 169 22]
603 116 1047 159 APOLOGETICVS
1080 119 1131 158 21
1566 118 1648 159 289

94 238 128 267 11
154 226 206 268 17
231 230 266 270 6.
310 229 450 271 Schol.
474 230 649 272 Theocr.
674 243 738 272 XV
762 233 827 273 64.
871 231 1091 287 Aristoph.
1116 231 1243 272 Birds
1266 233 1350 273 819
1369 247 1427 287 sq.
1474 232 1650 288 Trypho

93 296 159 349 (in
201 297 357 340 lustin.
401 299 512 341 Dial.
557 300 609 342 67
653 316 713 357 pr.
752 316 790 357 p.
830 299 954 355 291b)
999 301 1098 342 ‘the
1142 300 1389 344 Christians
1430 302 1564 357 speak
1605 317 1651 343 as

95 366 170 407 the
205 367 370 410 Greeks
402 368 447 410 in
482 369 597 411 their
626 370 784 426 myths,
807 371 901 412 who
930 376 1154 426 represent·1
1184 370 1366 412 Perseus
1394 385 1441 412 as
1472 370 1578 411 born
1612 372 1658 412 of

96 436 172 477 the
210 437 351 493 virgin
389 439 552 489 Danae,
589 455 644 481 on
681 441 820 482 whom
858 440 1031 497 Iupiter
1067 440 1309 482 deseended
1346 440 1391 481 in
1428 456 1453 481 a
1489 440 1654 482 shower

96 507 144 546 of
165 507 289 562 gold?
351 508 409 550 So
432 509 588 551 Iustin.
612 510 791 552 himself
808 511 952 567 (Apol.
977 522 991 551 Ι
1024 513 1078 551 22
1103 511 1126 551 f.
1149 525 1188 566 p.
1214 512 1268 552 68
1282 510 1330 564 b)
1354 509 1390 552 εἰ
1412 509 1457 552 δὲ
1479 511 1553 552 καὶ
1584 509 1654 552 διὰ
1675 526 1693 557 5

97 576 323 630 παρθένου
364 580 658 632 ’γεγεννῆσθαι
702 579 900 636 φέρομεν,
943 579 1090 622 κοινὸν
1139 579 1215 622 καὶ
1257 583 1386 622 τοῦτο
1428 578 1538 635 πρὸς
1580 579 1654 622 τὸν

99 647 278 701 Περσέα
301 648 417 690 ἔστω
448 650 559 703 ὑμῖν.
623 649 757 692 Clem.
782 651 910 692 Hom.
934 662 963 691 V
989 652 1053 691 13.
1118 650 1246 699 Leda,
1278 650 1440 699 Danae,
1471 649 1655 698 Semele,

97 716 319 767 Alcmene,
341 719 376 759 T
380 719 586 762 heodoreb
609 720 755 762 Graeo.
779 721 862 762 Aff.
887 720 986 762 Cur.
1010 732 1065 761 ΙΙΙ
1087 719 1106 777 ἓ
1128 723 1192 762 98.

185 801 224 842 p.
269 789 323 829 68
366 789 389 829 l.
436 791 488 831 16
539 801 835 831 IMPVDICITIA
878 789 991 846 Aug.
1036 789 1253 831 Enehirid.
1297 791 1353 831 34
1396 790 1564 845 qualem
1605 789 1655 831 cle

102 857 266 912 uiryz'ue
309 861 428 902 nasei
469 860 692 915 oportebat,
735 876 854 916 quem
898 861 1012 915 fides
1050 861 1216 909 matris,
1260 876 1339 902 non
1383 860 1525 908 libido,
1562 875 1655 902 con-
1678 874 1720 896 10

99 934 274 982 ceperat.
338 929 428 983 [Mr
459 929 605 985 Payne
637 930 743 971 adds
776 930 843 971 De
875 929 991 971 Trin.
1025 930 1102 971 xiii
1136 930 1221 984 23]

187 1012 225 1053 p.
251 1000 305 1040 68
329 999 352 1040 l.
379 1001 432 1041 19
455 1011 686 1041 Enixins
709 1015 740 1041 e.
767 999 818 1041 17
843 1015 904 1056 pr.
968 999 1093 1055 Kaye
1116 1000 1211 1041 517.

188 1083 227 1123 p.
264 1070 318 1110 68
353 1069 376 1110 l.
413 1071 464 1110 21
504 1081 746 1111 RATIONEM
782 1085 813 1111 e.
852 1072 907 1111 23
944 1085 982 1126 p.
1022 1072 1076 1110 82
1118 1070 1142 1110 1.
1182 1072 1247 1110 11.
1310 1069 1421 1110 Adu.
1466 1069 1586 1110 Prax.
1631 1071 1654 1110 5

100 1152 139 1193 p.
176 1140 259 1180 233
295 1138 318 1180 l.
351 1139 373 1180 7
411 1140 485 1180 Kr.
514 1145 610 1181 ante
644 1141 788 1181 omnia
820 1141 930 1181 enim
967 1140 1068 1181 deus
1102 1145 1195 1181 erat
1227 1139 1352 1188 solus,
1382 1140 1471 1194 ipse
1506 1138 1586 1180 sibi
1621 1145 1657 1180 et

104 1208 285 1250 mzmdus
324 1215 362 1251 et
404 1210 516 1251 loeus
564 1216 601 1252 et
650 1211 805 1251 omnia.
882 1210 997 1251 solus
1046 1201 1199 1257 (cutem,
1240 1210 1343 1264 quia
1384 1209 1494 1250 nihil
1535 1209 1657 1250 aliud
1680 1225 1720 1256 15

101 1279 356 1321 extrinsecus
401 1286 573 1335 praeter
616 1280 752 1321 illum.
828 1286 1009 1321 ceterum
1057 1294 1106 1321 ue
1153 1285 1250 1321 tuuc
1299 1279 1466 1334 quidem
1516 1279 1657 1330 solus,·

101 1348 276 1390 habebat
297 1350 409 1391 enim
431 1365 580 1399 secum,
602 1366 730 1406 quam
752 1350 927 1391 habebat
948 1351 994 1391 in
1019 1356 1145 1392 semet
1165 1351 1269 1404 ipso,
1292 1350 1512 1398 rationem,
1534 1364 1658 1390 suam

101 1418 269 1460 scilicet.
333 1420 563 1461 rationalis
585 1421 696 1462 enim
719 1420 831 1469 deus,
850 1426 886 1461 et
909 1420 1055 1468 ssratio
1076 1420 1122 1460 in
1143 1420 1285 1474 ipsum
1301 1420 1441 1474 prius,
1464 1425 1500 1461 et
1520 1419 1586 1460 ita
1608 1418 1659 1460 ab

102 1489 194 1542 ipso
231 1490 388 1538 omnia,
422 1505 529 1545 quae
564 1491 678 1531 ratio
714 1505 859 1531 sensus
889 1490 1026 1545 ipsius
1058 1496 1126 1531 est.
1189 1490 1299 1531 hane
1333 1489 1487 1531 Graeci
1523 1488 1660 1543 λόγον

105 1558 261 1607 dieunt,
284 1574 360 1614 quo
383 1561 585 1602 uocabulo
616 1561 742 1602 etiam
773 1575 1004 1602 sermonem
1034 1561 1314 1615 appellamus.
1377 1560 1548 1615 ideoque
1569 1560 1658 1601 iam
1679 1576 1722 1597 20

103 1627 147 1668 in
173 1643 248 1669 usu
271 1635 330 1670 est
351 1635 590 1671 nostrorum
608 1645 689 1685 per
709 1630 1028 1685 simplicitatem
1044 1629 1410 1684 interpretationis
1430 1644 1659 1670 sermonem

103 1697 241 1740 dicere
276 1699 322 1739 in
352 1700 596 1754 primordio
635 1700 753 1755 apud
794 1700 918 1742 (leam
951 1700 1106 1756 faisse,
1141 1714 1234 1741 cum
1275 1700 1414 1754 mayis
1451 1700 1659 1741 rationem

105 1774 309 1823 competat
339 1769 624 1824 antiquiorem
655 1770 813 1819 haberi,
840 1771 942 1825 quia
978 1785 1058 1812 non
1092 1770 1344 1811 sermonalis
1374 1785 1401 1811 a
1428 1770 1658 1824 principio,

102 1838 158 1879 sit
186 1838 415 1880 rrationalis
443 1839 556 1888 deus,
590 1840 720 1881 etiam
753 1845 849 1882 ante
874 1839 1159 1895 principium,
1181 1846 1218 1881 et
1250 1839 1354 1894 quia
1384 1839 1474 1894 ipse
1503 1854 1660 1894 quoque

102 1921 238 1948 sermo
279 1908 443 1950 ratione
484 1909 720 1958 consistens,
757 1909 953 1963 priorem
995 1924 1088 1951 eam
1130 1916 1176 1950 ut
1216 1909 1497 1950 substantiam
1536 1924 1655 1950 suam
1680 1927 1722 1958 25

104 1977 301 2019 ostendat.
366 1978 489 2034 Kaye
523 1994 561 2034 p.
598 1981 683 2021 500
716 1995 755 2020 n.
790 1981 826 2021 6.
885 1979 1090 2020 Harnaek
1125 1979 1276 2020 Gesch.
1315 1979 1352 2020 d.
1389 1979 1538 2020 albchr.
1574 1978 1658 2020 Lit.

105 2048 259 2099 (1893)
289 2058 304 2087 Ι
335 2046 430 2088 877.
494 2047 563 2090 On
591 2048 869 2089 Tertulli-ans
901 2048 1154 2104 knowledge
1186 2049 1233 2089 of
1260 2048 1402 2089 Greek
1436 2048 1559 2103 Kaye
1593 2050 1657 2089 61.

195 2128 448 2158 ARTIFioEM
471 2118 517 2158 of
535 2118 629 2159 God
654 2118 770 2159 Laot.
794 2117 894 2159 Diu.
917 2118 1047 2159 Instt.
1072 2129 1107 2158 11
1131 2120 1155 2158 2
1177 2116 1196 2174 ξ
1225 2120 1289 2158 18.
1315 2117 1366 2158 17
1382 2115 1401 2173 ξ
1419 2119 1454 2159 9.
1509 2116 1657 2158 Senec.

107 2186 184 2242 Ep.
205 2189 287 2228 113
304 2185 323 2243 ἓ
341 2189 394 2229 16
413 2187 555 2228 diuini
572 2189 753 2243 artificis
770 2188 986 2242 inqenium
1004 2187 1318 2243 (δημιουργός).
1370 2186 1658 2228 Antisthenes

106 2255 153 2295 in
175 2255 292 2297 Laeb.
316 2267 332 2295 Ι
356 2258 391 2297 5.

195 2340 233 2380 p.
277 2327 332 2367 68
374 2326 398 2366 1.
443 2328 496 2366 22
544 2337 663 2366 ΖΕΝΟ
707 2326 893 2366 Pearson
934 2324 1125 2379 (Cambr.
1166 2326 1299 2378 1891)
1339 2325 1454 2366 Zeno
1497 2325 1563 2366 Fr.
1601 2327 1657 2365 44

106 2398 194 2449 (pp.
219 2396 272 2436 92
297 2396 362 2444 93,
393 2395 534 2435 where
564 2395 617 2435 he
650 2394 770 2451 gives
799 2395 917 2436 Laob.
948 2406 997 2435 IV
1027 2396 1051 2436 9
1081 2393 1101 2450 ξ
1133 2396 1157 2434 2
1180 2393 1318 2443 twice,
1346 2399 1423 2435 nob
1454 2393 1658 2448 knowing

106 2463 205 2504 than
225 2464 285 2505 bk
308 2475 357 2504 IV
372 2485 407 2499 =
426 2464 491 2505 De
513 2464 628 2505 Vera
650 2464 907 2520 Sapientia).
959 2464 1054 2505 infr.
1078 2479 1110 2505 c.
1133 2466 1188 2505 46
1212 2479 1272 2519 pr.
1297 2462 1543 2506 Christians
1572 2464 1656 2504 and

106 2533 414 2589 philosophers.
466 2533 627 2574 Minue.
653 2536 705 2575 19
736 2531 832 2589 §10
862 2534 970 2575 Zeno
1003 2539 1041 2574 et
1075 2533 1338 2588 Chrysippus
1369 2538 1406 2575 et
1439 2532 1658 2574 Cleanthes

107 2608 204 2645 suut
236 2609 274 2644 et
305 2603 392 2657 ipsi
424 2602 722 2658 multiformes,
757 2603 829 2644 sed
860 2603 917 2644 ad
948 2603 1155 2644 imitatem
1185 2602 1486 2657 prouidentiae
1519 2617 1657 2644 omues
1675 2620 1720 2651 35

106 2672 588 2714 reuoluuntur...Zenon
620 2672 806 2714 eiusdem
838 2685 872 2715 <
894 2671 1108 2713 Cleanthis
1128 2684 1160 2712 >
1182 2673 1387 2726 mayister
1414 2673 1657 2713 naturalem

109 2741 239 2795 leyem
272 2747 393 2796 atque
424 2741 621 2783 diuinam
652 2747 690 2783 et
722 2741 893 2782 aethera
923 2741 1096 2782 iuterim
1126 2740 1420 2795 interdumque
1447 2740 1657 2782 rationem

77 2809 203 2850 ,uult
243 2810 431 2851 omnium
467 2824 550 2852 esse
585 2809 881 2865 principium;
932 2810 1046 2851 idem
1090 2809 1409 2864 inteipretando
1450 2809 1656 2851 Iunonem

1677 2278 1722 2308 30

214 2905 255 2931 M.
278 2905 311 2932 T.
1499 2893 1545 2929 19
