1975 3306
261 162 337 201 104
838 159 1245 200 TERTVLLIANI

259 277 462 326 Quirites,
495 276 637 331 ipsam
669 276 951 317 uernaculam
983 281 1153 330 septem
1185 275 1360 316 collium
1391 274 1564 330 plebem
1596 274 1823 323 eonuenio,

257 369 313 394 an
346 354 473 395 alicui
507 354 678 395 Caesari
711 369 788 395 suo
822 359 976 409 parcat
1007 353 1079 394 illa
1111 353 1259 408 lingua
1292 353 1522 394 Romana?
1587 352 1727 393 Testis
1759 358 1826 393 est

257 432 436 481 Tiberis,
459 438 503 473 et
522 432 696 473 scholae
716 432 972 473 bestiarum.
1034 432 1131 472 lam
1152 431 1186 472 si
1207 431 1459 486 pectoribus
1478 431 1535 472 ad
1555 430 1823 472 translucen-

254 511 361 552 dum
392 512 617 566 quandam
647 511 917 566 specularem
948 510 1179 551 materiam
1209 515 1369 551 natura
1400 509 1670 558 obduxisset,
1703 508 1825 549 cuius

256 605 344 631 non
364 591 619 645 praecordia
639 590 859 645 insculpta
880 594 1098 644 apparent
1117 588 1220 629 noui
1241 603 1291 629 ac
1311 588 1414 629 noui
1435 587 1630 629 Caesaris
1649 601 1825 628 scenam
1845 597 1864 628 5

255 669 474 724 congiario
513 669 758 710 diuidundo
796 667 1113 723 praesidentis?
1178 667 1327 708 Etiam
1365 667 1438 708 illa
1477 667 1582 708 hora
1621 681 1709 721 qua
1750 665 1825 706 ad-

255 749 452 789 clamant
467 763 474 789 :

482 841 548 882 De
580 841 741 882 nostris
773 841 899 881 annis
931 846 1092 895 augeat
1124 839 1203 881 tibi
1237 839 1406 894 Iupiter
1437 840 1597 880 annos!

254 940 378 980 Haec
420 940 693 981 Christianus
735 945 827 981 tam
871 939 1100 980 enuntiare
1140 953 1229 979 non
1270 938 1398 979 nouit
1438 922 1572 992 quain
1614 937 1668 979 de
1709 952 1825 979 nouo

254 1018 437 1059 Caesare
489 1024 656 1073 optare.
735 1018 818 1059 Sed
872 1018 1042 1073 uulgus,
1097 1018 1255 1072 inquis.
1334 1017 1397 1058 Ut
1448 1017 1619 1072 uulgus,
1674 1022 1825 1058 tamen
1847 1032 1890 1055 10

253 1097 459 1147 Romani,
500 1111 580 1138 nec
618 1097 693 1137 ulli
733 1096 871 1151 magis
910 1095 1263 1150 depostulatores
1302 1095 1650 1136 Christianorum
1690 1108 1824 1149 quam

251 1175 424 1230 uulgus.
487 1175 622 1215 Plane
653 1174 784 1215 ceteri
814 1174 988 1215 ordines
1018 1188 1096 1228 pro
1126 1174 1394 1215 auctoritate
1424 1173 1609 1229 religiosi
1640 1187 1693 1214 ex
1723 1173 1822 1216 fide.

253 1253 373 1294 Nihil
398 1254 618 1295 hosticum
642 1253 696 1294 de
719 1253 814 1308 ipso
838 1258 1008 1302 senatu,
1035 1252 1089 1293 de
1113 1252 1273 1306 equite,
1300 1252 1353 1293 de
1378 1253 1545 1302 castris,
1571 1252 1624 1293 de
1648 1252 1824 1307 palatiis

253 1333 358 1387 ipsis
389 1333 540 1388 spirat.
602 1331 732 1373 Unde
763 1330 897 1372 Cassii
929 1336 973 1371 et
1004 1330 1125 1386 Nigri
1157 1336 1201 1371 et
1231 1330 1406 1372 Albini?
1457 1331 1574 1372 unde
1605 1331 1679 1386 qui
1709 1331 1824 1372 inter

253 1411 365 1452 duas
398 1411 547 1453 laurus
581 1410 786 1452 obsident
820 1409 1076 1451 Caesarem?
1130 1408 1247 1449 unde
1282 1408 1356 1463 qui
1391 1408 1592 1450 faucibus
1626 1409 1717 1450 eius
1751 1423 1822 1450 ex·
1845 1427 1885 1458 15

251 1490 491 1544 primendis
525 1489 832 1545 palaestricam
867 1488 1098 1528 exercent?
1152 1486 1269 1528 unde
1303 1487 1378 1542 qui
1411 1488 1571 1529 armati
1606 1488 1823 1543 palatium

249 1568 526 1623 inrumpunt,
559 1567 764 1608 omnibus
793 1572 863 1607 tot
892 1565 1065 1621 Sigeriis
1094 1570 1230 1619 atque
1259 1564 1508 1606 Partheniis
1537 1566 1819 1607 audaciores?

252 1645 321 1686 De
344 1645 570 1694 Romanis,
594 1645 676 1686 nisi
698 1644 837 1693 fallor,
862 1643 906 1684 id
929 1648 995 1684 est
1016 1642 1070 1683 de
1097 1657 1186 1683 non
1212 1642 1482 1684 Christianis.
1544 1643 1692 1698 Atque
1713 1643 1823 1684 adeo

254 1738 408 1765 omnes
426 1723 486 1764 illi
507 1723 588 1764 sub
609 1723 704 1778 ipsa
724 1736 862 1777 usque
882 1721 1125 1776 impietatis
1145 1721 1374 1775 eruptione
1395 1726 1439 1762 et
1458 1736 1580 1762 sacra
1601 1721 1825 1763 faciebant

253 1820 332 1859 pro
359 1804 501 1845 salute
526 1803 804 1859 imperatoris
831 1808 875 1844 et
900 1802 1077 1857 genium
1104 1802 1195 1843 eius
1221 1802 1492 1852 deierabant,
1522 1803 1594 1844 alii
1621 1803 1724 1844 foris
1751 1803 1823 1844 alii
1843 1819 1888 1842 20

251 1886 387 1936 intus,
412 1891 457 1927 et
480 1885 633 1940 utique
656 1884 932 1940 publicorum
955 1883 1150 1925 hostium
1173 1897 1334 1924 nomen
1358 1883 1615 1925 Christianis
1638 1884 1821 1926 dabant.

253 1968 339 2009 Sed
363 1973 407 2008 et
429 1967 504 2022 qui
526 1981 643 2008 nunc
666 1966 949 2007 scelestarum
972 1964 1167 2019 partium
1189 1964 1293 2005 socii
1316 1970 1395 2005 aut
1417 1964 1640 2019 plausores
1663 1965 1824 2006 cotidie

254 2049 519 2098 reuelantur,
550 2054 652 2103 post
678 2047 948 2089 uindemiam
976 2047 1292 2101 parricidarum
1321 2047 1559 2088 racematio
1587 2053 1821 2102 superstes,

254 2145 278 2183 (1
287 2143 388 2169 uam
409 2127 718 2169 recentissimis
737 2133 781 2168 et
799 2126 1105 2168 ramosissimis
1124 2126 1281 2167 laureis
1300 2132 1449 2181 postes
1468 2127 1820 2181 praestruebant,

254 2226 388 2265 quam
423 2210 671 2251 elatissimis
705 2214 748 2250 et
781 2209 1030 2250 clarissimis
1062 2209 1248 2250 lucernis
1281 2208 1501 2249 uestibula
1534 2209 1820 2259 nebulabant,
1842 2227 1884 2257 25

255 2306 389 2346 quam
417 2291 668 2332 cultissimis
700 2295 744 2331 et
774 2289 1096 2344 superbissimis
1121 2289 1227 2330 toris
1258 2289 1401 2330 forum
1433 2289 1514 2330 sibi
1546 2289 1819 2340 diuidebant‚

255 2388 343 2413 non
378 2379 429 2414 ut
462 2373 623 2427 gaudia
657 2371 833 2427 publica
868 2371 1151 2420 celebrarent,
1188 2370 1263 2412 sed
1299 2376 1349 2411 ut
1383 2376 1488 2411 uota
1523 2371 1698 2425 propria
1733 2372 1820 2412 iam

257 2453 498 2493 ediscerent
522 2452 566 2493 in
592 2452 733 2492 aliena
759 2451 1054 2492 sollemnitate
1081 2456 1125 2492 et
1150 2451 1399 2505 exemplum
1425 2455 1561 2504 atque
1586 2450 1821 2505 imaginem

254 2534 346 2587 spei
384 2548 488 2574 suae
523 2533 852 2587 inaugurarent,
892 2531 1296 2586 nomen’principis
1332 2531 1377 2572 in
1414 2530 1543 2571 corde
1580 2536 1819 2573 mutantes.

255 2614 423 2654 Eadem
466 2613 607 2654 officia
648 2612 906 2667 dependunt
947 2618 991 2653 et
1032 2612 1106 2667 qui
1148 2612 1390 2666 astrologos
1431 2616 1476 2651 et
1516 2611 1736 2665 aruspices
1777 2618 1821 2654 et
1840 2628 1885 2659 30

254 2708 440 2745 augures
473 2698 517 2734 et
550 2707 699 2748 magos
731 2693 785 2733 de
817 2692 1052 2733 Caesarum
1085 2692 1229 2746 capite
1261 2691 1527 2740 consultant,
1563 2706 1672 2745 quas
1705 2698 1821 2734 artes

255 2782 305 2817 ut
331 2776 386 2816 ab
413 2774 576 2829 angelis
601 2773 897 2814 desertoribus
922 2774 1119 2828 proditas
1145 2778 1189 2814 et
1214 2788 1238 2813 a
1264 2773 1345 2813 de'o
1370 2772 1628 2813 interdictas
1653 2788 1707 2813 ne
1731 2774 1821 2815 suis

254 2857 433 2912 quidem
466 2856 607 2896 causis
638 2855 853 2896 adhibent
884 2855 1132 2896 Christiani.
1195 2855 1271 2895 Cui
1304 2860 1452 2895 autem
1487 2869 1597 2909 opus
1629 2861 1695 2896 est
1725 2870 1819 2911 per-
