1975 3306
91 150 135 192 p.
165 140 244 180 128
267 137 294 181 1.
321 139 362 192 7]
610 135 1054 178 APOLOGETICVS
1087 137 1140 177 46
1575 136 1657 176 433

97 246 204 303 ’παρ’
231 248 331 300 ὑμῖν
355 246 614 302 τιμωμένοις
637 249 844 298 ποιηταῖς
875 246 950 288 καὶ
980 245 1250 303 φιλοσόφοις
1272 245 1470 300 λένγομεν,
1493 245 1589 288 ἔνια
1612 246 1658 288 δὲ

98 317 172 358 καὶ
204 317 411 372 μειζόνως
445 317 521 359 καὶ
557 317 680 362 θείως
718 317 792 358 καὶ
829 317 955 371 μόνοι
996 315 1090 370 μετ’
1135 315 1411 370 ἀποδείξεως,
1449 315 1493 358 τί
1534 317 1657 370 παρὰ

98 388 273 432 πάντας
296 387 456 432 ἀδίκως
477 387 753 441 μισούμεθα;
788 387 842 428 ib.
873 389 928 428 24
957 391 1115 443 πρῶτα
1136 387 1216 441 μὲν
1238 387 1307 430 ὅτι
1334 386 1387 428 τὰ
1409 387 1540 438 ὅμοια
1571 391 1661 434 τοῖς

88 456 294 510 ”Ελλησι
326 457 531 512 λέγοντες
562 458 688 513 μόνοι
719 457 970 512 μισούμεθα
1002 457 1054 500 δι’
1078 459 1215 510 ὄνομα
1246 460 1325 500 τοῦ
1347 459 1562 511 Χριστοῦ,
1586 459 1659 500 καὶ

99 527 234 582 μηδὲν
264 528 518 574 ἀδικοῦντες
545 529 600 573 ὡς
632 529 888 584 ἁμαρτωλοὶ
913 527 1224 582 ἀναιρούμεθα.
1287 527 1381 582 [id.]
1409 527 1582 571 Cohorb.
1607 529 1660 570 ad
1682 546 1702 578 5

102 597 230 640 Gen‘o.
256 600 321 640 14.
384 598 504 655 Orig.
526 614 558 640 c.
583 598 693 641 Cels.
717 610 752 639 ΙΙ
777 600 841 639 13.
896 598 1084 640 Pfanner
1105 597 1292 654 Sysbem.
1310 598 1514 655 Theolog.
1532 599 1663 641 Genb.

101 668 220 722 (Bas.
245 669 379 723 1679)
400 671 475 711 4ιο
497 685 529 711 ο.
555 672 592 711 2.
654 669 694 710 A
717 669 884 710 similar
911 675 1145 726 argument
1169 675 1215 711 to
1244 670 1344 711 that
1372 670 1490 726 early
1511 670 1557 711 in
1587 670 1662 712 ‘ohe

102 739 295 789 tmatise,
321 755 355 780 c.
380 742 404 780 2
435 755 496 796 pr.
526 739 565 780 if
596 754 658 780 we
691 755 763 781 are
795 739 1028 788 criminals,
1057 740 1156 796 why
1184 755 1256 782 are
1288 755 1350 782 we
1382 746 1460 781 nob
1492 740 1665 782 treated

103 808 191 851 like
224 809 350 851 other
378 809 631 851 criminals?
919 852 927 859 ‚

192 894 232 935 p.
258 882 340 920 128
364 879 388 921 l.
413 881 440 920 4
473 880 634 921 Arnob.
659 891 714 920 ΙΙΙ
740 879 761 920 7
787 879 958 920 zealous
981 894 1147 935 pagans
1169 880 1369 921 declared
1391 880 1491 921 that
1514 879 1666 922 Cicero
1688 900 1734 924 10

105 949 173 991 De
206 950 309 992 Nat.
343 950 474 992 Deor.
508 950 665 992 should
697 950 751 991 be
784 950 936 991 burnt:
971 956 1161 1006 oportere
1191 951 1324 992 statui
1349 966 1431 1006 per
1461 957 1667 1001 senatum,

107 1021 358 1064 aboleantur
378 1028 424 1063 ut
445 1022 545 1063 haec
566 1022 730 1077 scripta
760 1021 909 1077 quibus
934 1020 1183 1062 Christiana
1204 1022 1357 1076 reliyio
1379 1022 1670 1077 comprobetur

107 1098 145 1134 et
175 1093 398 1134 uetustatis
432 1093 706 1148 opprimatur
738 1093 1000 1134 auctoritas?
1043 1093 1146 1147 quin
1177 1092 1317 1142 immo,
1350 1093 1389 1133 si
1420 1092 1566 1147 fiditis
1601 1107 1668 1134 esc-

107 1163 328 1218 ploratum
359 1178 435 1204 uos
466 1164 605 1205 dicere
636 1164 868 1218 quicquam
896 1162 947 1203 de
976 1162 1043 1204 dis
1071 1163 1236 1211 uestris,
1258 1163 1417 1204 erroris
1439 1163 1672 1204 conuincite

111 1231 365 1282 Ciceronem,
399 1232 634 1288 refellitote,
666 1232 926 1287 redarfjuite,
960 1232 1192 1273 temeraria
1230 1238 1267 1274 et
1299 1232 1438 1287 impia
1472 1232 1671 1274 dictitare
1692 1249 1734 1282 15

111 1302 386 1358 comprobate.

198 1388 238 1429 p.
264 1375 348 1414 128
372 1373 396 1415 l.
421 1375 445 1415 5
469 1373 693 1429 impunity
715 1374 763 1414 of
779 1372 1052 1429 philosophie
1074 1371 1282 1414 criticism
1305 1373 1358 1414 ad
1380 1378 1468 1414 nat.
1493 1384 1508 1413 Ι
1531 1374 1571 1413 4.

200 1458 238 1499 p.
271 1445 354 1484 128
387 1444 410 1485 l.
447 1445 471 1485 6
504 1455 742 1484 DEIERARE
775 1459 806 1485 c.
844 1445 898 1484 32
933 1442 1179 1485 Christians
1211 1458 1343 1485 swore
1369 1458 1452 1499 per
1481 1443 1672 1491 salutem,

111 1519 189 1553 not
225 1527 307 1567 per
344 1513 518 1567 yeniuiri
563 1512 773 1554 Caesaris.
835 1513 893 1553 ib.
924 1513 994 1554 fin.
1029 1519 1210 1554 ceteram
1253 1513 1493 1561 daemona&
1525 1512 1573 1554 id
1614 1518 1674 1554 est

110 1582 264 1637 yenios,
297 1581 507 1624 adiurare
539 1583 843 1631 consumimus,
875 1588 921 1623 ut
957 1583 1055 1624 illos
1091 1582 1142 1624 de
1173 1582 1411 1624 hominibus
1443 1583 1673 1638 eaeiyoemus,
1693 1603 1741 1626 20

114 1667 197 1694 ηοη
217 1652 422 1702 deierare,
445 1659 491 1694 ut
507 1653 600 1694 illis
621 1653 821 1695 honorem
843 1652 1093 1695 diuinitatis
1115 1653 1396 1709 conferamus.

203 1733 443 1763 LVCERNAS
476 1738 510 1764 ο.
532 1725 587 1764 35
620 1738 660 1779 p.
685 1724 811 1764 1021.
831 1725 886 1764 24
912 1738 984 1765 izec
1018 1724 1204 1764 lacernis
1235 1723 1347 1765 diem
1379 1723 1675 1778 ivffrinyimus.

116 1791 214 1834 qu.
241 1794 293 1833 12
318 1794 462 1834 91—2
484 1808 525 1834 n.

204 1876 245 1918 p.
270 1864 353 1904 128
385 1863 410 1904 l.
435 1862 457 1904 7
493 1863 720 1919 Theophil.
750 1863 805 1904 ad
834 1863 905 1904 fin.
930 1864 999 1915 (cf.
1026 1862 1189 1904 Arnob.
1213 1874 1229 1903 Ι
1260 1865 1314 1905 64
1343 1878 1385 1919 p.
1406 1865 1462 1904 44
1491 1863 1515 1904 l.
1540 1866 1594 1905 20
1617 1879 1676 1919 sq.

117 1927 173 1974 On
195 1932 271 1974 the
294 1933 455 1974 lioenoe
479 1934 526 1974 of
541 1934 874 1990 philosophers).
898 1949 1030 1990 supra
1051 1949 1083 1974 c.
1110 1935 1163 1974 12
1180 1948 1220 1989 p.
1239 1934 1296 1974 44
1318 1933 1342 1974 l.
1368 1936 1419 1974 21
1445 1934 1559 1975 idem
1580 1934 1678 1976 estis
1697 1951 1743 1985 25

117 2003 191 2058 qui
222 2002 426 2045 Senecam
458 2004 645 2059 aliqu-em
670 2003 874 2058 plaribas
906 2010 943 2045 et
972 2003 1264 2045 amarioribus
1297 2004 1348 2045 de
1369 2010 1512 2046 uestra
1532 2019 1678 2060 saper-

118 2074 287 2116 stitione
303 2079 578 2128 perorantem
602 2074 643 2127 [2
664 2088 748 2115 ozon
769 2089 817 2115 or
837 2074 974 2128 depr]
998 2073 1336 2129 reprehendistis.

202 2155 317 2193 QVIN
342 2156 463 2186 IMMO
485 2144 647 2185 Arnob.
670 2155 687 2185 Ι
711 2146 779 2186 20.
802 2146 857 2185 24
879 2159 941 2199 pr.
960 2143 1013 2185 37
1033 2159 1094 2200 pr.
1114 2146 1166 2185 51
1192 2159 1253 2200 pr.
1274 2146 1329 2186 64
1347 2145 1370 2185 f.
1391 2146 1445 2186 65
1469 2159 1507 2200 p.
1524 2146 1578 2186 46
1598 2145 1621 2186 l.
1641 2146 1679 2187 5.

122 2213 190 2256 75.
221 2225 257 2254 ΙΙ
299 2215 353 2255 39
376 2229 416 2269 p.
440 2229 492 2255 m.
518 2216 572 2255 55
595 2229 656 2268 pr.
688 2216 742 2255 58
758 2214 783 2255 f.
815 2215 881 2256 63.
906 2215 972 2255 64.
997 2215 1051 2256 69
1075 2229 1129 2254 m.
1155 2213 1209 2255 70
1231 2229 1292 2269 pr.
1315 2214 1401 2255 and
1424 2215 1448 2255 f.
1478 2214 1531 2256 76
1561 2229 1600 2270 p.
1624 2230 1679 2256 m.

122 2295 177 2324 ΙΙΙ
220 2283 258 2325 7.
301 2285 366 2325 44.
409 2295 459 2324 VI
513 2286 578 2325 11.
621 2285 675 2325 35
712 2284 813 2337 f.(.2)
875 2284 960 2324 For
1002 2283 1173 2339 subject]
1215 2289 1388 2333 matter,
1431 2299 1502 2326 see
1545 2284 1680 2340 Bayle
1701 2304 1748 2336 30

124 2369 294 2396 oeuvres
326 2365 381 2395 ΙΙΙ
415 2356 510 2396 111.

213 2435 489 2465 DESTRVVNT
530 2439 561 2466 c.
597 2426 650 2465 13
688 2439 750 2479 pr.
785 2425 839 2465 14
881 2439 919 2480 p.
954 2426 1008 2464 48
1052 2423 1077 2464 l.
1109 2425 1175 2466 31.
1247 2423 1303 2465 ad
1334 2431 1421 2466 nat.
1456 2436 1471 2465 Ι
1494 2427 1521 2465 4
1552 2440 1591 2481 p.
1626 2427 1682 2467 64

123 2495 150 2536 l.
193 2496 219 2536 3
262 2494 388 2536 Wiss.
431 2495 609 2550 denique
649 2495 844 2536 Socrates
884 2509 934 2536 ex
974 2509 1024 2535 ea
1059 2500 1189 2549 parte
1230 2494 1462 2536 damnatus
1495 2501 1564 2544 est,
1598 2511 1684 2550 qua

120 2556 305 2620 propius
325 2569 609 2619 tempta'zterat
629 2564 865 2613 ueritatem,
888 2563 984 2604 deos
1000 2569 1160 2605 uestros
1176 2563 1438 2605 destruendo.
1483 2563 1681 2606 Lactant.

127 2645 158 2675 V
177 2636 231 2676 20
253 2632 273 2691 ξ
290 2636 342 2675 14
356 2649 459 2675 ‘num
478 2634 600 2690 peius
619 2649 694 2675 nos
710 2633 979 2682 destruimus,
994 2648 1124 2688 quam
1145 2633 1323 2689 quidam
1340 2634 1592 2689 philosophi,
1610 2636 1684 2690 qui
1705 2650 1748 2683 35

128 2705 296 2746 omnino
319 2705 460 2746 nullos
481 2704 578 2745 deos
599 2719 683 2745 esse
705 2704 857 2745 aiant?
900 2702 963 2745 Cf.
983 2714 997 2743 Ι
1017 2705 1042 2743 2
1056 2701 1075 2759 ἓ
1090 2705 1127 2745 2.
1178 2703 1415 2760 (Athenag.
1436 2706 1459 2745 5
1483 2719 1544 2760 pr.
1567 2704 1683 2746 cit-‚ed

129 2775 297 2828 above.)
348 2774 403 2815 id.
428 2773 632 2830 Epitome
661 2775 714 2817 55
746 2771 773 2829 ξ
797 2775 822 2814 3
855 2788 931 2815 cur
963 2773 1202 2814 audiuntur
1226 2774 1482 2829 philosophi,
1505 2775 1579 2829 qui
1609 2781 1685 2816 aut

130 2843 270 2884 nullos
306 2843 403 2885 deos
439 2857 524 2884 esse
560 2842 684 2884 aiunt
722 2848 797 2885 aut
838 2842 876 2883 si
916 2847 1014 2884 simt
1054 2842 1164 2883 nihil
1202 2857 1355 2885 curare
1387 2858 1460 2885 nec
1495 2844 1686 2885 humana

242 2941 284 2966 Μ.
306 2941 341 2967 Τ.
1341 2933 1346 2940 ’
1526 2930 1575 2966 28
