1975 3306
280 173 333 212 58
857 169 1261 211 TERTVLLIANI

363 287 435 328 18.
496 286 580 327 Sed
613 300 700 341 quo
734 285 904 340 plenius
937 290 981 326 et
1011 284 1249 339 inpressius
1282 290 1375 325 tam
1408 284 1552 339 ipsum
1586 298 1719 338 quam
1754 284 1839 324 dis-

278 365 516 419 positiones
550 364 640 404 eius
674 369 717 404 et
750 363 1004 403 uoluntates
1036 362 1268 411 adiremus,
1304 362 1465 403 adiecit
1496 362 1841 403 instrumentum

279 442 568 491 litteraturae,
596 442 629 482 si
656 441 730 495 qui
756 441 863 482 uelit
887 441 940 481 de
965 440 1046 481 deo
1071 440 1300 495 inquirere,
1329 447 1373 482 et
1397 440 1606 495 inquisito
1631 440 1839 489 inuenire,

279 525 323 561 et
352 520 534 561 inuento
565 519 749 568 credere,
784 524 827 560 et
858 519 1023 560 credito
1054 518 1283 559 deseruire.
1345 518 1471 559 Viros
1501 519 1616 559 enim
1646 519 1842 559 iustitiae

276 597 528 638 innocentia
568 596 723 652 dignos
762 596 893 637 deum
933 610 1061 637 nosse
1100 601 1145 637 et
1184 596 1413 637 ostendere
1453 611 1478 637 a
1518 596 1756 651 primordio
1797 595 1838 636 in
1861 608 1884 640 5

278 674 500 714 saeculum
542 674 686 715 emisit
726 673 883 728 spiritu
924 673 1073 714 diuino
1114 673 1366 723 inundatos,
1410 688 1496 727 quo
1538 673 1841 728 praedicarent

279 754 409 795 deum
442 755 619 796 unicum
653 769 757 805 esse,
792 755 866 809 qui
899 755 1102 796 uniuersa
1135 754 1392 804 condiderit,
1427 754 1501 809 qui
1535 754 1755 795 hominem
1788 753 1840 794 de

278 834 411 876 humo
440 836 651 877 struxerit
679 835 762 888 (his
791 836 905 876 enim
935 841 1001 877 est
1027 850 1156 877 uerus
1185 836 1485 884 Prometheus,
1516 836 1591 890 qui
1619 835 1839 876 saeculum

278 916 406 957 certis
436 922 685 971 temporum
715 916 1076 971 dispositionibus
1105 921 1150 957 et
1179 916 1369 957 exitibus
1399 916 1652 969 ordinauit),
1685 916 1840 957 exinde

279 1011 392 1052 quae
421 998 542 1053 signa
572 998 816 1039 maiestatis
845 1012 949 1039 suae
977 997 1214 1039 iudicantis
1243 997 1428 1038 ediderit
1457 1012 1533 1052 per
1560 997 1733 1047 imbres,
1767 1012 1841 1053 per
1865 1014 1910 1036 ιο

278 1077 411 1132 ignes,
453 1093 563 1133 quas
602 1078 864 1120 demerendo
904 1079 985 1120 sibi
1025 1078 1276 1133 disciplinas
1315 1078 1687 1128 determinauerit,
1729 1093 1841 1132 quae

277 1159 488 1214 ignoratis
524 1165 568 1201 et
603 1160 785 1202 desertis
820 1166 864 1201 et
899 1160 1143 1202 obseruatis
1179 1160 1244 1201 his
1279 1161 1473 1215 praemia
1509 1160 1752 1207 destinarit,
1793 1166 1842 1201 ut

277 1240 352 1294 qui
385 1241 601 1295 producto
634 1256 744 1282 aeuo
777 1241 862 1282 isto
895 1241 1168 1283 iudicaturus
1201 1242 1258 1283 sit
1291 1257 1391 1283 suos
1425 1242 1612 1283 cultores
1644 1243 1688 1283 in
1722 1242 1840 1283 uitae

277 1326 481 1362 aeternae
510 1322 859 1373 retributionem,
891 1323 1098 1378 profanos
1127 1323 1171 1364 in
1200 1323 1345 1378 ignem
1375 1338 1513 1378 aeque
1542 1329 1767 1379 perpetem
1798 1329 1840 1364 et

276 1402 434 1458 iugem,
467 1404 691 1445 suscitatis
720 1404 924 1445 omnibus
955 1405 1010 1446 ab
1040 1405 1166 1446 initio
1197 1405 1416 1447 defunctis
1447 1410 1491 1447 et
1520 1405 1767 1446 reformatis
1798 1411 1840 1446 et
1865 1419 1909 1452 15

277 1484 500 1526 recensitis
540 1485 597 1526 ad
636 1485 865 1540 utriusque
905 1486 1049 1527 meriti
1089 1486 1456 1541 dispunctionem.
1517 1486 1640 1527 Haec
1680 1491 1724 1527 et
1763 1500 1841 1527 nos

275 1564 449 1605 risimus
479 1565 730 1620 aliquando.
792 1566 858 1607 De
888 1566 1046 1607 uestris
1076 1581 1240 1608 sumus.
1303 1566 1449 1616 Fiunt,
1482 1581 1571 1607 non
1599 1571 1842 1607 nascuntur

277 1646 524 1688 Christiani.
588 1647 705 1697 Quos
739 1648 931 1689 diximus
964 1648 1300 1703 praedicatores,
1337 1648 1579 1703 prophetae
1612 1648 1666 1689 de
1700 1647 1840 1688 officio

276 1728 505 1782 praefandi
538 1735 768 1771 uocantur.
832 1729 968 1771 Voces
1002 1744 1152 1771 eorum
1184 1730 1379 1784 itemque
1412 1730 1613 1779 uirtutes,
1641 1744 1750 1784 quas
1784 1729 1840 1770 ad

276 1808 408 1850 fidem
436 1809 684 1851 diuinitatis
712 1810 915 1861 edebant,
943 1811 987 1851 in
1015 1811 1232 1852 thesauris
1262 1811 1509 1852 litterarum
1537 1816 1731 1859 manent,
1763 1824 1839 1850 nec
1862 1825 1911 1847 20

275 1891 387 1932 istae
405 1891 560 1932 latent.
622 1891 976 1933 Ptolemaeorum
997 1892 1328 1942 eruditissimus,
1352 1907 1483 1947 quem
1503 1892 1840 1946 Philadelphum

276 1973 654 2026 supernominant,
683 1978 728 2014 et
753 1973 895 2014 omnis
919 1973 1195 2014 litteraturae
1221 1974 1538 2029 sagacissimus,
1567 1987 1666 2014 cum
1693 1973 1839 2014 studio

276 2053 643 2096 bibliothecarum
677 2054 971 2105 Pisistratum,
1006 2055 1173 2110 opinor,
1209 2055 1516 2105 aemularetur,
1550 2055 1664 2096 inter
1697 2060 1840 2095 cetera

278 2135 601 2185 memoriarum,
646 2135 805 2190 quibus
846 2141 926 2176 aut
965 2140 1166 2177 uetustas
1207 2141 1286 2177 aut
1327 2135 1555 2176 curiositas
1595 2135 1741 2189 aliqua
1784 2135 1839 2175 ad

277 2215 443 2256 famam
480 2215 856 2270 patrocinabatur,
898 2231 949 2256 ex
987 2221 1195 2271 suggestu
1231 2217 1428 2258 Demetri
1466 2216 1661 2257 Phalerei
1699 2229 1837 2270 gram-
1862 2229 1908 2261 25

278 2297 541 2338 maticorum
578 2302 685 2338 tunc
721 2297 1031 2352 probatissimi,
1071 2298 1136 2339 cui
1176 2298 1497 2353 praefecturam
1534 2297 1837 2345 mandauerat,

278 2376 411 2418 libros
440 2391 465 2418 a
495 2377 670 2418 Iudaeis
700 2391 875 2431 quoque
904 2378 1162 2432 postulauit,
1194 2379 1391 2433 proprias
1420 2383 1556 2432 atque
1583 2377 1841 2418 uernacula-s

276 2457 459 2507 litteras,
486 2471 596 2511 quas
619 2457 697 2498 soli
721 2457 960 2499 habebant.
1022 2458 1091 2499 Ex
1113 2459 1218 2513 ipsis
1243 2459 1357 2499 enim
1383 2464 1427 2500 et
1449 2458 1505 2499 ad
1528 2458 1646 2513 ipsos
1669 2472 1839 2512 semper

279 2537 520 2591 prophetae
546 2544 872 2592 perorauerant,
901 2539 1065 2580 scilicet
1082 2539 1148 2582 ‚ad
1174 2539 1460 2580 domesticam
1488 2539 1556 2580 dei
1582 2544 1757 2594 gentem
1785 2553 1837 2579 ex

279 2623 457 2672 patrum
500 2619 653 2673 gratia.
715 2619 905 2660 Hebraei
949 2625 1064 2661 retro
1108 2620 1183 2674 qui
1224 2634 1341 2661 nunc
1383 2620 1549 2661 Iudaei.
1610 2620 1752 2675 Igitur
1794 2626 1839 2661 et
1858 2637 1906 2669 30

279 2698 452 2739 litterae
486 2698 716 2740 Hebraeae
751 2705 795 2741 et
830 2701 1064 2755 eloquium.
1126 2700 1211 2742 Sed
1245 2715 1299 2742 ne
1333 2701 1493 2742 notitia
1527 2707 1718 2750 uacaret,
1757 2701 1838 2741 hoc

280 2792 455 2832 quoque
490 2793 515 2818 a
550 2779 725 2820 Iudaeis
759 2780 1011 2822 Ptolemaeo
1046 2781 1343 2835 subscriptum
1379 2786 1445 2822 est
1478 2780 1758 2836 septuaginta
1794 2786 1839 2821 et

278 2859 450 2901 duobus
471 2860 784 2915 interpretibus
806 2863 1000 2913 indultis,
1020 2878 1130 2918 quos
1150 2863 1432 2905 Menedemus
1453 2877 1628 2918 quoque
1649 2862 1836 2918 philoso-
