1975 3306
242 135 322 175 334
811 130 1219 172 TERTVLLIANI
1509 131 1570 185 [p.
1597 131 1651 169 88
1674 127 1701 170 1.
1725 130 1807 170 9-

244 265 381 306 reyem
412 264 579 306 pauere
614 249 688 290 sub
724 254 860 290 antro.
925 247 1013 290 Cic.
1049 247 1115 288 De
1159 246 1264 288 Nat.
1300 246 1426 288 Deor.
1463 257 1517 286 111
1555 244 1606 286 17
1643 259 1703 300 sq.
1742 246 1807 284 21.

243 320 379 363 Clem.
412 320 537 361 Alex.
572 319 707 360 Probr.
741 334 773 359 c.
809 320 832 359 2
865 333 905 374 p.
940 319 995 358 24
1029 317 1071 358 P.
1135 317 1255 358 Lacb.
1287 315 1388 358 Diu.
1421 315 1589 357 Instt.1
1626 317 1676 355 11
1700 312 1720 371 ξ
1741 316 1809 356 45.

246 393 297 432 21
322 389 342 447 ξ
363 391 417 432 37
442 405 527 445 seq.

333 472 455 502 AERA
498 469 795 501 CORYBANTIA
838 458 962 499 Lucr.
1006 469 1039 498 11
1079 459 1163 499 633
1198 472 1258 513 sq.
1322 456 1429 497 Aen.
1474 467 1527 496 111
1568 457 1662 495 11].
1726 452 1808 495 Ou.

203 546 223 578 5
245 531 361 572 Fast.
395 542 444 571 IV
479 529 560 571 207
596 544 656 585 sq.
719 528 880 570 Arnob.
914 539 968 568 111
1001 530 1067 569 41.
1132 527 1295 584 Hygin.
1329 526 1522 567 Fabulae
1558 527 1651 567 139.

333 616 371 657 p.
405 603 460 641 88
494 601 517 641 1.
553 602 607 641 10
641 611 857 640 NVTRICIS
890 599 1052 640 Minue.
1087 600 1138 639 21
1174 596 1193 654 ξ
1227 600 1280 639 10
1312 603 1350 640 et
1386 612 1492 652 (luae
1529 596 1653 637 Iouis
1683 610 1810 637 sacra

244 672 371 713 sunt?
432 669 609 711 nutrix
643 669 811 725 capella
842 675 901 711 est
933 675 970 711 et
999 668 1130 710 auido
1151 668 1276 723 patri
1297 666 1738 722 subtrahiturinfans,
1761 680 1811 707 ne

245 747 443 783 voretur:
475 746 512 782 et
545 740 834 795 Corybantum
866 739 1084 795 cymbalis,
1109 753 1156 780 ne
1182 743 1311 793 pater
1339 737 1494 779 audiat
1524 737 1708 792 uayitus,
1730 736 1811 778 tin-

246 813 361 853 nitus
386 811 574 852 eliditur.

185 900 226 922 10
334 897 372 938 p.
407 883 462 922 88
496 881 519 922 1.
555 882 607 921 12
648 891 762 921 IVNO
801 880 1008 921 Prudenb.
1047 885 1179 920 contr.
1216 878 1381 935 Symm.
1420 889 1453 919 ΙΙ
1493 880 1577 920 495
1616 877 1812 920 concessit

246 958 283 994 et
305 952 403 1007 ipsa
424 950 536 991 Iuno
558 965 656 991 suos
678 949 889 1005 Phryyiis
910 949 1074 991 seruire
1096 949 1312 1004 nepotibus
1335 947 1485 1003 Afros,
1506 954 1544 989 et
1566 963 1695 1003 quam
1716 946 1809 988 sub-

246 1023 364 1065 iectis
386 1022 607 1063 dominam
630 1021 723 1063 Dea
743 1020 935 1075 ,qentibus
965 1035 1061 1069 esse,
1093 1020 1133 1060 si
1166 1035 1250 1075 qua
1270 1019 1379 1075 fata
1410 1020 1565 1067 sinant,
1599 1019 1688 1059 iam
1721 1023 1807 1059 tum

247 1093 459 1148 tenditque
493 1091 705 1147 fouetque‚
743 1091 870 1133 iussit
911 1090 1135 1132 Romuleis
1186 1090 1411 1132 addictam
1462 1089 1608 1130 uiuere
1649 1088 1807 1144 frenis.

247 1164 344 1205 qu.
380 1167 432 1205 16
467 1165 491 1205 6
525 1178 564 1205 n.
629 1162 746 1203 Lact.
780 1161 880 1203 Diu.
915 1161 1044 1203 Insa.
1079 1173 1093 1202 Ι
1129 1163 1180 1202 15
1213 1158 1233 1216 ξ
1266 1162 1290 1202 9
1325 1161 1517 1202 Athenae
1550 1159 1811 1207 Mineruam,

185 1249 226 1280 15
247 1235 400 1277 Samos
440 1234 662 1276 Iunonem.
725 1233 855 1289 Apul.
889 1232 1067 1274 Metam.
1103 1244 1150 1273 VI
1185 1234 1212 1272 4
1243 1231 1375 1284 (Flor.
1407 1229 1427 1286 ξ
1460 1233 1512 1272 15
1548 1231 1624 1283 (2))
1655 1229 1812 1284 Mayni

246 1305 371 1347 Iouis
401 1319 612 1360 yermana
643 1309 681 1345 et
707 1303 898 1357 coniuya,
927 1302 1019 1344 siue
1052 1308 1095 1343 tu
1127 1301 1262 1350 Sami,
1286 1316 1395 1356 quae
1416 1301 1509 1342 sola
1526 1305 1661 1356 partu
1686 1299 1809 1354 παρί-

248 1382 372 1431 tuque
395 1381 432 1416 et
453 1374 666 1416 alimonia
689 1379 763 1415 tua
783 1373 1167 1428 9loriatur,...siue
1190 1372 1322 1413 celsae
1346 1370 1633 1425 Carthayinis.

335 1461 375 1501 p.
408 1447 463 1486 88
496 1445 520 1487 l.
556 1446 610 1485 14
643 1455 769 1492 QVOD
800 1454 940 1485 SCIAM
972 1458 1005 1484 ο.
1030 1445 1083 1484 23
1105 1442 1176 1483 fin.
1200 1457 1240 1483 n.

335 1531 372 1572 p.
408 1518 463 1557 88
496 1516 520 1556 1.
555 1517 608 1556 22
642 1526 938 1556 DESTINATVM
972 1513 1066 1555 Liu.
1091 1513 1213 1556 Curi.
1237 1512 1336 1555 Sen.
1360 1513 1456 1554 Tac.
1481 1512 1602 1554 Suet.

183 1606 229 1629 20
336 1601 373 1642 p.
407 1588 462 1627 88
496 1585 519 1626 1.
554 1587 608 1626 23
651 1596 800 1625 LVPAE
844 1584 899 1625 ad
942 1590 1029 1625 nata.
1074 1595 1089 1624 1
1125 1585 1151 1624 4
1188 1598 1227 1639 p.
1265 1585 1318 1624 64
1355 1583 1377 1624 l.
1419 1585 1472 1625 29
1513 1581 1636 1623 Wiss.
1676 1593 1710 1623 11
1756 1584 1809 1621 10

247 1672 285 1714 p.
311 1659 395 1699 113
418 1657 442 1697 1.
467 1658 518 1697 11
546 1655 670 1697 Wiss.
735 1655 895 1696 Arnob.
914 1666 963 1695 IV
986 1656 1023 1696 3.
1087 1654 1204 1696 Lact.
1229 1666 1244 1694 Ι
1270 1655 1324 1694 20
1345 1652 1365 1709 ξ
1388 1655 1423 1694 1.
1487 1652 1574 1695 Cio.
1598 1651 1691 1693 Liu.
1712 1651 1809 1693 qu.

336 1736 635 1767 LARENTINAE
666 1740 698 1766 c.
725 1726 777 1766 13
800 1739 839 1781 p.
864 1726 918 1766 46
943 1725 966 1765 l.
991 1726 1056 1766 30.
1120 1724 1238 1765 Lact.
1264 1736 1277 1764 1
1303 1725 1358 1765 20
1380 1721 1399 1780 ξ
1422 1725 1458 1764 2.

336 1811 374 1852 p.
409 1798 463 1837 88
496 1795 520 1836 1.
554 1797 606 1836 31
643 1804 996 1835 INCIDERENTVR
1028 1809 1062 1835 c.
1096 1796 1150 1835 50
1183 1808 1220 1849 p.
1241 1809 1293 1834 m.
1331 1792 1543 1847 imayines
1577 1791 1810 1833 inscribitis

249 1873 286 1909 et
309 1867 454 1909 titulos
475 1865 669 1907 inciditis
690 1866 737 1906 in
754 1864 1060 1906 aeternitatem.

185 1955 228 1986 25
337 1952 375 1994 p.
410 1939 465 1978 88
498 1937 522 1978 l.
556 1938 611 1978 32
645 1947 1009 1977 RELIGIOSITATIS
1041 1935 1095 1976 ad
1126 1941 1212 1977 nat.
1244 1947 1277 1976 11
1314 1937 1365 1976 17
1400 1949 1438 1990 p.
1468 1935 1550 1975 132
1581 1933 1604 1974 l.
1634 1935 1658 1974 6
1685 1931 1808 1973 Wiss.

247 2013 422 2050 seruant
453 2006 598 2048 urbem
629 2007 817 2048 Romam
847 2005 922 2060 qui
946 2020 1048 2046 suas
1075 2005 1373 2060 perdiderunt,
1396 2004 1435 2045 si
1456 2003 1529 2045 hoc
1551 2002 1810 2057 reliyiositas

249 2077 450 2119 Romana
472 2076 638 2117 meruit.
702 2074 826 2130 atqui
846 2089 927 2116 non
943 2080 1041 2130 post
1061 2089 1274 2115 summum
1297 2072 1530 2128 imperium
1552 2071 1690 2114 auctis
1716 2073 1806 2112 iam

248 2146 369 2189 rebus
400 2145 647 2201 superstitio
680 2144 878 2200 quaesita
909 2146 1002 2186 est?
1065 2144 1143 2186 etsi
1174 2159 1201 2185 a
1233 2143 1385 2184 Numa
1414 2157 1541 2184 sacra
1563 2141 1811 2183 introducta

247 2224 355 2267 sunt,
378 2216 567 2259 nondum
599 2220 740 2257 tamen
774 2220 849 2257 aut
880 2214 1130 2256 simulacris
1161 2220 1237 2255 (cut
1265 2214 1434 2269 templis
1465 2228 1529 2255 res
1556 2219 1722 2254 uestras
1743 2211 1807 2252 cli-

186 2308 230 2339 30
250 2287 354 2328 uina
364 2285 656 2342 frustrabant.
701 2284 831 2340 fruyi
847 2285 1001 2340 reli-oio
1019 2290 1057 2326 et
1073 2284 1339 2340 paupertina
1354 2283 1620 2339 superstitio;
1643 2281 1805 2323 altaria

250 2357 481 2400 temeraria
513 2362 551 2398 et
582 2371 691 2397 'uasa
722 2355 903 2398 sordida
933 2361 970 2397 et
999 2355 1126 2396 nidor
1149 2369 1321 2410 paruus
1343 2369 1392 2396 ex
1417 2354 1508 2395 illis
1530 2359 1568 2395 et
1596 2353 1699 2394 oleus
1720 2352 1809 2407 ipse

248 2443 469 2483 nusquam.

337 2508 446 2539 POST
479 2495 706 2551 Scorpiace
739 2510 771 2536 c.
799 2498 847 2535 11
884 2510 922 2551 p.
948 2496 1031 2536 526
1066 2494 1238 2543 Oehler,
1262 2493 1367 2535 wit-‚h
1401 2499 1503 2534 note
1536 2492 1563 2533 d
1593 2495 1648 2545 (=
1666 2506 1704 2547 p.
1723 2490 1806 2531 170

252 2568 275 2609 l.
295 2570 347 2608 22
373 2566 529 2620 Wiss.).

187 2654 230 2685 35
339 2652 377 2692 p.
411 2639 465 2677 88
499 2636 522 2677 1.
556 2637 611 2677 34
648 2646 780 2676 NVMA
818 2650 849 2676 C.
890 2636 941 2675 21
982 2634 1229 2690 Pompilius
1271 2634 1432 2682 Numa,
1475 2634 1551 2688 qui
1592 2632 1808 2674 Romanos

251 2706 558 2762 operosissimis
591 2704 963 2760 superstitionibus
999 2705 1204 2746 onerauit.
1268 2704 1335 2745 De
1370 2703 1554 2744 Praescr.
1588 2702 1717 2743 Haer.
1751 2703 1807 2742 40

251 2777 288 2817 si
318 2775 491 2817 Numae
521 2775 839 2830 superstitiones
869 2775 1155 2823 reuoluamus,
1177 2774 1217 2815 si
1248 2768 1537 2816 sacerdotalia
1563 2772 1711 2827 officia,
1741 2772 1806 2812 in-

250 2845 395 2900 siynia
417 2850 454 2887 et
469 2845 724 2900 priuileyia,
747 2844 785 2886 si
817 2843 1079 2899 sacrificalia
1111 2843 1354 2885 ministeria
1386 2848 1423 2884 et
1453 2843 1738 2883 instrumenta
1770 2847 1808 2882 et
