1975 3306
152 170 194 211 p.
221 157 273 198 32
295 156 322 198 l.
348 156 419 209 22]
686 154 1131 198 APOLOGETICVS
1164 157 1189 197 9
1637 157 1719 197 203

153 273 411 315 Bellonam?
462 273 621 314 Indian
651 272 886 315 cannibals.
941 272 1059 329 Orig.
1082 280 1233 315 contra
1259 272 1370 316 Cels.
1394 285 1443 315 VI
1466 276 1532 315 80.
1597 273 1717 314 Hier.

155 344 252 385 adu.
287 344 427 386 Iouin.
466 356 501 385 II
534 343 556 385 7
591 345 646 395 (II
679 342 820 398 335b0)
854 344 1127 401 Massagetae
1159 344 1245 385 and
1277 344 1498 386 Derbices.
1561 344 1717 386 Euseb.

156 413 304 470 Praep.
329 414 405 456 Eu.
430 427 445 456 I
469 417 495 455 4
517 430 556 471 p.
582 413 669 456 11⁶¹.
733 415 843 456 Plin.
871 427 920 456 IV
949 413 969 472 ξ
997 418 1064 456 88.
1094 427 1144 456 VI
1173 414 1193 472 ἓ
1222 417 1287 457 53.
1320 427 1390 456 VII
1418 413 1457 472 §g
1487 417 1524 464 9,
1555 418 1620 465 11,
1652 416 1717 456 12.

157 483 315 526 Strabo
338 487 433 535 231,
460 487 554 527 198.
618 485 752 528 Solin.
778 488 844 528 15.
908 486 1259 528 Preller-Jordan
1284 491 1387 528 r'om.
1412 486 1551 542 Myth.
1575 498 1609 527 II
1633 487 1717 527 386

155 571 194 597 n.
218 558 255 597 3.
318 556 574 613 Marquardt
598 561 668 598 ΙΙΙ2
691 556 744 598 76
768 572 807 598 n.
833 559 869 599 9.
933 556 1122 599 Lasaulx
1146 559 1230 598 254
1255 559 1349 599 138.
1738 571 1758 602 5

245 638 527 668 SCYTHARVM
559 627 725 669 Lucian
754 627 880 668 Deor.
912 627 1024 668 Dial.
1058 629 1110 670 16
1136 631 1171 669 1.
1234 627 1301 669 De
1335 628 1478 669 Luctu
1510 630 1561 668 21
1595 626 1644 670 τὸ
1674 626 1720 669 δὲ

158 695 246 737 ἀπὸ
283 696 442 739 τούτου
481 696 727 751 διελόμενοι
770 696 887 739 κατὰ
930 696 1032 749 ἔθνη
1072 696 1150 742 τὰς
1188 696 1334 753 ταφὰς
1377 695 1398 739 ὁ
1439 697 1518 751 μὲν
1541 695 1719 748 ’Ἕλλην

158 765 440 815 ἔκαυσεν,...ὁ
469 766 515 809 δὲ
544 764 716 819 Σκύθης
745 767 986 810 κατεσθίει.
1050 768 1220 809 Petron.
1253 771 1332 809 141
1364 768 1481 824 apud
1510 767 1721 823 quasdam

154 842 295 892 yentes
325 838 482 879 scimus
519 837 659 879 adhuc
697 837 829 893 leyem
864 837 1046 886 seruari,
1078 844 1124 879 ut
1161 853 1188 878 a
1215 837 1474 893 propinquis
1504 837 1594 878 suis
1627 851 1719 878 con-

156 913 383 948 sumantur
403 906 604 963 defuncti,
627 906 731 948 adeo
753 906 935 962 quidem,
962 913 1004 948 ut
1026 906 1299 962 obiuryentur
1321 907 1442 961 aeyri
1456 906 1718 962 frequenter,
1741 924 1785 947 10

158 976 268 1032 quod
290 991 462 1019 carnem
490 992 615 1018 suam
632 976 811 1032 faciant
831 977 1034 1031 peiorem.
1096 977 1163 1018 his
1184 976 1388 1018 admoneo
1414 976 1573 1018 amicos
1598 990 1720 1024 meos,

162 1061 209 1088 ne
242 1053 427 1089 recusent
458 1062 565 1103 quae
595 1046 725 1096 iubeo,
759 1046 831 1088 sed
868 1046 1017 1102 quibus
1049 1047 1208 1088 animis
1239 1047 1487 1088 deuouerint
1518 1046 1722 1102 spiritum

160 1132 311 1166 meum,
347 1117 505 1159 eisdem
541 1117 672 1159 etiam
709 1132 861 1172 corpus
899 1122 1155 1158 consumant.
1230 1116 1336 1158 Just
1371 1116 1540 1158 before:
1583 1130 1722 1158 omnes

160 1189 234 1243 qui
265 1188 311 1228 in
342 1193 584 1229 testamento
616 1202 706 1229 meo
736 1187 879 1242 leyata
909 1186 1070 1237 habent,
1095 1193 1273 1242 praeter
1303 1186 1470 1229 libertos
1501 1201 1613 1228 meos
1642 1186 1721 1228 hac

161 1257 402 1300 condicione
436 1258 687 1313 percipient,
728 1272 837 1313 quae
878 1257 988 1306 dedi,
1030 1257 1071 1299 si
1110 1272 1264 1313 corpus
1311 1272 1450 1299 meum
1490 1257 1538 1298 in
1571 1263 1721 1312 partes
1744 1273 1786 1305 15

162 1328 422 1370 conciderint
452 1333 490 1369 et
521 1333 685 1369 astante
710 1327 872 1383 populo
906 1326 1170 1368 comederint.
1234 1326 1400 1368 Lucian
1432 1325 1611 1367 Toxaris
1644 1327 1669 1367 8
1697 1326 1721 1366 f.

163 1397 230 1451 (Of
253 1396 340 1451 Sc.)
370 1394 664 1439 κατεσθίουσι
696 1395 798 1442 τοὺς
831 1394 1028 1452 πατέρας
1061 1394 1380 1441 ἀποθανόντας.
1443 1395 1560 1452 OPIg.
1586 1395 1722 1437 Princ.

163 1479 198 1508 II
236 1469 260 1510 9
297 1470 321 1509 5
365 1467 484 1522 apud
525 1467 716 1523 Scythas,
752 1467 871 1522 apud
913 1482 1014 1521 quos
1048 1466 1347 1522 parricidium
1388 1467 1514 1522 quasi
1554 1481 1604 1509 ex
1640 1466 1726 1521 leye

160 1539 336 1593 yeritur.
401 1537 559 1580 Strabo
589 1539 673 1579 513
700 1537 747 1578 of
770 1537 846 1578 the
875 1536 1149 1592 Massagetae
1178 1536 1369 1590 (Burnes
1398 1536 1576 1577 Travels
1598 1548 1614 1577 I
1639 1538 1721 1578 189

164 1608 427 1650 Turcomans
461 1607 650 1649 sacrifice
687 1607 798 1663 aged
834 1606 1080 1663 prisoners).
1154 1606 1284 1648 Thdt.
1318 1618 1369 1647 IX
1401 1622 1432 1647 c.
1467 1608 1521 1648 35
1554 1621 1592 1662 p.
1628 1608 1723 1655 129,
1742 1622 1787 1644 20

167 1680 221 1720 10
238 1693 323 1734 seq.
376 1677 582 1719 Prudent.
605 1683 755 1719 contra
777 1677 940 1733 Symm.
966 1688 1001 1718 II
1020 1679 1115 1719 294.
1169 1676 1415 1732 Wesseling
1436 1691 1490 1718 on
1514 1676 1723 1718 Herodot.

164 1759 180 1789 1
205 1750 300 1790 216.
323 1760 377 1789 III
400 1750 467 1790 38.

253 1833 291 1875 p.
315 1820 369 1860 32
393 1818 417 1860 l.
443 1820 496 1859 18
518 1819 567 1859 cf.
590 1833 623 1860 c.
647 1819 701 1859 23
723 1832 763 1874 p.
788 1816 888 1859 781.
914 1819 979 1859 29.

253 1904 293 1945 p.
316 1890 371 1930 32
393 1889 418 1930 l.
443 1890 494 1929 21
520 1887 628 1930 Plin.
656 1888 696 1929 h.
718 1903 757 1929 n.
788 1899 947 1929 XXVIII
975 1885 995 1944 ξ
1017 1891 1042 1928 4
1074 1887 1326 1942 sanquinem
1358 1902 1522 1942 quoque
1549 1887 1723 1941 ,aladia-

165 1966 306 2002 torum
343 1959 495 2010 bibunt,
539 1965 584 2001 ut
623 1959 863 2001 uiuentibus
902 1959 1069 2014 poculis
1110 1959 1346 2000 comitiales
1387 1958 1572 2012 [morbi]
1614 1958 1724 2013 quod
1743 1974 1786 2005 25

165 2035 353 2085 spectare
370 2029 584 2085 facientes
604 2029 650 2070 in
672 2029 819 2071 eadem
840 2029 1003 2071 harena
1020 2029 1151 2085 feras
1180 2044 1342 2084 quoque
1364 2029 1517 2070 horror
1537 2034 1606 2070 est.
1668 2035 1725 2078 at,

166 2100 341 2149 hercule,
355 2100 425 2141 illi
446 2115 495 2141 ea·
515 2099 681 2141 homine
701 2100 793 2154 ipso
815 2099 979 2141 sorbere
1002 2099 1339 2155 efficacissimum
1354 2104 1514 2154 putant
1536 2098 1725 2140 calidum

165 2170 482 2225 spirantemque
504 2175 541 2211 et
562 2170 714 2210 uiuam
735 2170 877 2225 ipsam
906 2170 1100 2211 (mimam
1129 2184 1178 2211 eoe
1203 2170 1341 2211 osculo
1375 2170 1610 2219 uulnerum,
1632 2184 1725 2211 cum

160 2241 310 2295 plagis
332 2241 499 2282 omnino
522 2255 570 2282 ne
580 2240 787 2296 ferarum
803 2240 973 2295 quidem
991 2240 1214 2282 admoueri
1231 2255 1308 2282 ora
1324 2255 1413 2281 mos
1428 2240 1484 2281 sit
1499 2239 1724 2281 humanus.

167 2309 187 2367 ξ
208 2313 262 2352 43
291 2311 497 2365 san-(suine
521 2310 658 2365 ipsius
686 2310 871 2351 hominis
896 2325 945 2352 ειη
969 2325 1231 2365 qucaeumque
1254 2316 1381 2365 parte
1410 2310 1560 2351 emisso
1589 2310 1724 2365 effica-
1743 2325 1789 2357 30

169 2380 333 2421 cissime
362 2380 569 2434 anyinam
596 2379 727 2420 inlini
755 2379 933 2421 tradunt
965 2379 1157 2434 Orpheus
1184 2385 1221 2420 et
1245 2379 1499 2427 Archelaus,
1520 2379 1621 2420 item
1647 2394 1725 2421 ora

170 2450 379 2492 comitiali·
398 2449 540 2491 morbo
563 2449 872 2504 conlapsorum‚
894 2463 1117 2503 exsuryere
1138 2449 1250 2491 enim
1266 2449 1479 2504 protinus.
1532 2449 1582 2490 cf.
1606 2460 1726 2490 XXVI

169 2518 189 2576 ξ
225 2523 251 2561 8
288 2534 388 2561 cure
420 2520 467 2560 of
503 2519 814 2575 elephantiasis
850 2519 894 2560 in
934 2519 1091 2575 Egypt.
1156 2519 1295 2560 Blunss
1332 2518 1470 2575 Righc
1509 2518 1598 2560 Use
1631 2521 1726 2561 359.

172 2590 359 2632 Lasaulx
383 2589 465 2631 237
488 2604 529 2631 n.
553 2588 619 2630 27.

260 2673 298 2714 p.
322 2660 376 2699 32
399 2658 425 2699 l.
444 2659 497 2697 22
519 2668 600 2705 QVI
631 2668 693 2697 DE
724 2667 919 2697 HARENA
952 2657 1113 2698 Minue.
1137 2658 1192 2698 30
1221 2654 1240 2713 ξ
1262 2658 1286 2698 6
1319 2672 1402 2698 non
1430 2657 1661 2700 dissimiles
1689 2665 1726 2700 et
1745 2674 1788 2705 35

172 2729 244 2783 qui
265 2728 316 2770 de
336 2728 499 2769 harena
508 2727 637 2782 feras
654 2727 860 2768 deuorant
876 2727 1016 2784 illitas
1032 2733 1069 2768 et
1085 2726 1266 2782 infectas
1283 2741 1430 2768 cruore
1449 2728 1512 2769 uel
1528 2728 1727 2770 membris

172 2797 354 2839 hominis
376 2803 413 2838 et
434 2797 592 2838 uiscere
612 2797 846 2851 sayinatas.
893 2797 1111 2853 Athenag.
1135 2800 1162 2838 4
1183 2797 1408 2853 questions
1430 2797 1570 2839 raised
1592 2798 1726 2840 about

173 2867 255 2908 fish
298 2866 428 2915 birds,
459 2867 545 2907 and
577 2866 723 2908 beasts
757 2866 896 2907 which
931 2866 1040 2907 have
1075 2866 1236 2922 preyed
1270 2881 1325 2907 on
1359 2882 1458 2907 men
1496 2868 1582 2908 and
1616 2868 1727 2909 been
