1975 3306
135 192 178 233 p.
203 180 256 221 56
278 178 305 221 1.
330 179 403 232 22]
649 179 1093 223 APOLOGETIOVS
1129 182 1179 223 17
1612 182 1691 223 261

135 293 265 335 etiam
289 294 506 336 naturalis
527 295 689 350 assuitio
710 295 892 344 debetur,
907 310 956 337 ear
977 295 1171 351 operibus
1191 295 1468 351 intelleyenolo
1490 302 1528 338 et
1549 295 1697 338 eoeinole

135 363 177 404 in
209 363 447 419 pleniorem
483 365 681 407 notitiam
718 365 980 420 requirendo.
1043 366 1166 407 illius
1199 372 1258 407 est
1290 380 1387 421 erqo
1417 366 1546 408 etiam
1579 366 1696 421 iano-

135 440 280 475 rantes
311 434 435 476 sleum
465 434 658 490 plectere,
681 450 802 490 quem
835 450 917 476 non
952 435 1076 477 liceat
1108 435 1316 490 iynorari.
1380 436 1446 477 De
1477 435 1642 477 Paenib.
1671 439 1696 478 5

135 502 265 544 etiam
288 504 530 558 iynorantes
552 503 772 545 (lominum
801 503 927 544 nulla
956 504 1138 559 eaceptio
1166 509 1337 546 tueatur
1364 519 1392 546 a
1413 520 1554 560 poena
1575 505 1697 560 (quia

136 571 262 614 deum
301 573 347 613 in
389 579 535 628 aperto
573 574 842 615 constitutum
884 580 922 615 et
962 573 1030 615 ‘uel
1067 589 1116 616 ea*
1157 574 1264 629 ipsis
1300 574 1542 616 caelestibus
1582 575 1699 617 bonis
1718 591 1738 624 5

136 642 550 697 comprehensibilem
582 644 785 698 iynorare
818 659 901 684 non
939 644 1063 697 licet),
1098 650 1253 699 quanto
1291 644 1502 699 coynitum
1539 644 1699 699 despici

131 712 421 768 periculosum
453 720 521 756 est.
584 713 648 756 Cf.
682 714 748 755 De
784 713 946 755 Anima
979 716 1014 755 2.
1046 716 1082 756 6.
1145 713 1272 770 Cypr.
1304 714 1410 756 Idol.
1438 715 1545 756 Van.
1577 717 1601 756 5
1631 713 1696 771 §9

136 783 238 825 haec
260 790 318 826 est
339 800 508 826 summa
529 784 686 835 delicti,
707 785 819 826 nolle
842 800 1063 840 ayrnoscere
1084 800 1206 840 quem
1226 786 1429 840 igynorare
1449 801 1531 827 non
1547 785 1697 841 possis.

138 853 300 895 Minue.
341 854 393 895 17
436 853 455 911 S
495 857 521 896 3
563 870 649 906 nos,
686 855 1031 910 quibus...sersmo
1074 861 1112 897 et
1152 856 1278 904 ratio,
1304 870 1387 910 per
1427 870 1533 911 quae
1574 855 1700 897 deum

138 925 418 979 aynoscimus‚
459 926 673 975 sentimus,
715 926 952 975 imitamur,
995 927 1196 981 igynorare
1247 941 1319 968 ‘nec
1360 926 1442 982 fas
1486 941 1559 968 nec
1606 926 1701 968 licet
1721 944 1765 967 10

136 994 393 1049 ingyerentem
423 1011 508 1037 sese
540 996 673 1038 oculis
703 996 859 1037 nostris
890 996 1108 1038 caelestem
1140 995 1393 1037 claritatem.
1456 995 1574 1037 Lacss.
1598 995 1700 1037 Diu.

139 1063 270 1105 Instat.
293 1076 328 1106 ΙΙ
353 1067 374 1105 1
399 1063 459 1121 §6
483 1081 612 1121 quam
633 1066 715 1107 sibi
736 1066 909 1107 ueniam
929 1080 1104 1121 sperare
1123 1065 1289 1120 possint
1309 1065 1546 1120 impietatis
1566 1067 1700 1107 suae?

138 1133 213 1188 qui
233 1148 315 1174 non
338 1140 568 1189 agnoscunt
588 1136 746 1177 cultum
768 1135 868 1184 eius,
890 1150 1011 1190 quem
1033 1149 1216 1190 prorsus
1236 1135 1435 1190 iynorari
1463 1134 1513 1176 ab
1536 1134 1701 1177 homine

130 1203 212 1259 fas
234 1219 311 1245 non
336 1210 404 1245 est.

229 1288 267 1329 p.
299 1275 352 1315 56
385 1274 408 1315 1.
440 1276 493 1317 19
527 1285 590 1316 ΕΧ
623 1286 847 1316 OPERIBVS
881 1274 1037 1316 Websb.
1066 1288 1120 1314 on
1156 1274 1277 1315 Rom.
1308 1285 1324 1314 Ι
1362 1276 1428 1315 20.
1482 1273 1699 1330 Athenag.
1722 1291 1764 1323 15

140 1345 168 1384 4
198 1358 236 1399 p.
261 1345 313 1384 50.
371 1343 489 1385 Lacu
521 1343 621 1385 Diu.
652 1344 782 1386 Insbb.
814 1355 829 1384 Ι
861 1346 884 1384 2
912 1341 978 1400 §5
1013 1344 1121 1384 from
1155 1342 1242 1385 Cio.
1273 1342 1377 1385 Nat.
1401 1343 1528 1384 Deor.
1553 1355 1588 1383 ΙΙ
1620 1341 1699 1399 ξέὲ.

142 1412 303 1453 Minue.
328 1411 380 1454 17
404 1411 423 1469 ἓ
444 1415 481 1454 4.
527 1412 590 1456 Cf.
616 1416 669 1454 18
692 1413 711 1470 ξ
734 1416 798 1455 11.
854 1413 981 1470 Greg.
1006 1413 1110 1454 Naz.
1135 1413 1204 1455 Or.
1231 1416 1284 1455 28
1307 1429 1338 1455 o.
1365 1415 1429 1455 16.
1475 1415 1657 1454 28—30.

167 1473 171 1476 ⁴
230 1497 268 1538 p.
293 1484 347 1524 56
380 1482 404 1524 l.
429 1485 480 1523 21
516 1494 1039 1525 ANIMAE...TEST1MONIO
1073 1483 1188 1524 Test.
1221 1483 1366 1524 Anim.
1401 1486 1436 1525 2.
1499 1483 1554 1524 ad
1576 1473 1700 1538 Scap.

145 1554 169 1592 2
199 1567 258 1607 pr.
290 1552 431 1606 (cited
464 1568 516 1594 on
550 1568 589 1608 p.
621 1555 675 1595 56
708 1553 731 1594 1.
767 1553 852 1606 27).
914 1552 982 1594 De
1015 1552 1210 1608 Spectac.
1242 1556 1265 1593 2
1298 1568 1337 1609 p.
1373 1555 1396 1593 2
1430 1553 1454 1594 1.
1490 1555 1542 1593 22
1574 1552 1700 1593 Wiss.

141 1637 261 1664 nemo
282 1629 418 1678 negyat,
440 1624 542 1678 quia
562 1638 680 1666 nemo
702 1624 886 1679 ignorat,
903 1623 1012 1678 quod
1034 1623 1149 1665 ultro
1171 1629 1332 1665 natura
1354 1623 1555 1678 suyymit,
1576 1623 1700 1664 deum
1721 1644 1766 1666 20

142 1707 227 1735 esse
250 1693 544 1735 uniuersitatis
566 1693 831 1735 conditorem.
880 1693 1040 1734 Arnob.
1065 1705 1099 1734 ΙΙ
1123 1696 1148 1735 3
1172 1693 1229 1735 da
1250 1709 1401 1736 ‘uerum
1421 1692 1642 1741 iudicium,
1665 1698 1702 1734 et

143 1762 243 1804 haec
272 1763 417 1804 omnia
445 1763 788 1818 circumspiciens
816 1778 921 1818 quae
949 1763 1143 1804 uidemus
1164 1763 1304 1818 nefayis
1325 1778 1382 1804 an
1403 1762 1489 1803 sint
1511 1762 1558 1804 oli
1578 1761 1703 1803 ceteri

144 1832 352 1875 dubitabit
372 1849 500 1888 quam
528 1833 575 1874 in
603 1834 678 1875 oleo
708 1833 982 1884 cunctabitur,
1005 1849 1126 1888 quem
1157 1848 1240 1875 esse
1273 1847 1412 1875 omnes
1441 1832 1702 1874 naturaliter

143 1903 311 1951 scimus,
345 1902 436 1944 siue
467 1918 561 1944 cum
597 1903 888 1944 exclamamus
923 1907 968 1944 ‘o
1001 1902 1125 1944 deus'
1157 1903 1246 1944 siue
1277 1917 1372 1944 cum
1403 1902 1527 1942 illum
1560 1907 1702 1942 testem

144 1973 309 2027 [oleum]
331 1973 622 2014 constituimus
642 1973 933 2028 improbormn
956 1979 993 2014 et
1014 1973 1138 2028 quasi
1159 1988 1234 2014 nos
1255 1978 1400 2015 cernat
1420 1972 1585 2028 faciem
1607 1971 1702 2013 sub·
1721 1990 1740 2012 2
1745 1989 1765 2021 5

146 2042 341 2083 leuamus
377 2042 435 2083 acl
472 2042 644 2084 caelum.
707 2042 819 2083 Adu.
851 2043 980 2084 Mare.
1014 2054 1029 2083 Ι
1064 2045 1118 2084 10
1140 2058 1179 2098 p.
1203 2044 1287 2084 303
1320 2042 1344 2083 1.
1369 2044 1393 2084 6
1419 2042 1494 2083 Kr.
1527 2041 1703 2096 denique

145 2112 288 2153 maior
321 2112 593 2167 popularitas
624 2112 791 2167 yeneris
823 2112 1012 2161 humani,
1046 2127 1093 2154 ne
1124 2112 1309 2153 nominis
1340 2111 1509 2166 quidem
1540 2110 1704 2166 Moysei

147 2189 361 2237 compotes,
379 2183 534 2224 nedum
555 2183 838 2232 instrumenti,
861 2183 985 2224 deum
1012 2182 1055 2223 M
1059 2183 1172 2238 oysei
1192 2188 1330 2223 tamen
1360 2187 1516 2223 norunt
1529 2196 1544 2232 ,·
1575 2182 1704 2222 etiam

146 2259 311 2295 tantam
325 2253 578 2294 idololatria
593 2253 924 2295 dominationem
938 2253 1412 2301 obumbrante,seorsum
1425 2257 1566 2293 tamen
1579 2252 1703 2293 illum

147 2323 270 2377 quasi
292 2323 473 2378 proprio
503 2322 668 2363 nomine
696 2322 865 2364 ‘eleum'
891 2322 1110 2377 perhibent
1131 2327 1168 2362 et
1196 2326 1204 2340 ‘
1219 2322 1343 2362 deum
1366 2320 1562 2369 deorum‚’
1584 2326 1622 2362 et
1643 2319 1705 2361 ‘si
1722 2340 1767 2371 30

149 2393 250 2434 deus
282 2392 466 2433 clederit'
499 2398 537 2433 et
569 2392 702 2447 ‘quod
734 2392 808 2433 oleo
832 2391 997 2446 placet'
1030 2397 1067 2432 et
1093 2391 1190 2432 ‘oleo
1220 2389 1485 2432 commendo.'
1546 2389 1702 2431 Ius‘nin.

148 2462 272 2517 Apol.
295 2473 330 2502 II
354 2463 378 2503 6
411 2461 507 2506 θεὸς
529 2458 875 2516 ’προσαγόρευμα
898 2460 974 2502 οὐκ
997 2459 1133 2514 ὄνομά
1150 2460 1286 2507 ἐστιν,
1302 2457 1424 2500 ἀλλὰ
1441 2457 1704 2514 πράγματος

150 2530 453 2584 δυσεξηγήτου
483 2529 672 2585 ἔμφυτος
703 2532 753 2584 τῇ
785 2528 919 2585 φύσει
951 2531 1037 2571 τῶν
1066 2528 1316 2582 ἀνθρώπων
1349 2526 1453 2580 δόξα
1484 2527 1565 2583 (pr.
1598 2528 1702 2579 442).

149 2600 442 2656 Christianiby
473 2616 519 2641 as
551 2600 620 2641 old
653 2615 699 2641 as
730 2599 933 2647 creation,
966 2599 1079 2655 Aug.
1111 2598 1157 2639 in
1189 2598 1377 2639 Lasaulx
1414 2596 1605 2638 Studien
1636 2599 1703 2639 85.

150 2670 268 2726 Orig.
292 2676 424 2711 contr.
448 2669 558 2712 Cels.
582 2682 597 2710 Ι
619 2668 638 2726 ἓ
660 2671 697 2711 4.
1723 2683 1767 2715 35

238 2755 276 2795 p.
300 2742 354 2781 56
377 2740 401 2781 1.
426 2741 479 2780 22
503 2750 712 2780 OARCERE
736 2750 957 2781 CORPORIS
980 2738 1067 2781 Cic.
1091 2737 1258 2779 Paulin.
1282 2736 1379 2778 Nol.
1405 2738 1481 2792 Ep.
1506 2738 1560 2778 32
1580 2738 1604 2778 6
1623 2751 1659 2777 v.
1678 2738 1703 2777 3

94 2844 95 2847 ,
151 2808 286 2850 libera
322 2823 517 2864 corporeo
553 2823 670 2850 mens
705 2823 880 2850 carcere.
943 2807 1085 2850 Carm.
1118 2819 1168 2847 XI
1202 2807 1254 2848 57
1292 2807 1453 2848 solutus
1488 2805 1706 2861 corporali

151 2893 326 2920 carcere.
390 2878 539 2921 Senes.
563 2880 667 2920 Ben.
691 2890 745 2919 111
770 2881 824 2921 20
848 2881 870 2919 1
904 2893 1083 2934 corpora
1113 2877 1289 2919 obnoxia
1309 2882 1407 2918 sunt
1428 2882 1465 2918 et
1486 2875 1706 2930 adscripta
