<?xml version="1.0" encoding="UTF-8"?>
<!DOCTYPE html PUBLIC "-//W3C//DTD XHTML 1.0 Transitional//EN"
    "http://www.w3.org/TR/xhtml1/DTD/xhtml1-transitional.dtd">
<html xmlns="http://www.w3.org/1999/xhtml" xml:lang="en" lang="en">
 <head>
  <title>
</title>
<meta http-equiv="Content-Type" content="text/html;charset=utf-8" />
  <meta name='ocr-system' content='tesseract 3.04.00' />
  <meta name='ocr-capabilities' content='ocr_page ocr_carea ocr_par ocr_line ocrx_word'/>
</head>
<body>
  <div class='ocr_page' id='page_1' title='image "./qseptimiflorenti00tert_0040.png"; bbox 0 0 1975 3306; ppageno 0'>
   <div class='ocr_carea' id='block_1_1' title="bbox 285 195 1268 236">
    <p class='ocr_par' dir='ltr' id='par_1_1' title="bbox 285 195 1268 236">
     <span class='ocr_line' id='line_1_1' title="bbox 285 195 1268 236; baseline 0.002 -2"><span class='ocrx_word' id='word_1_1' title='bbox 285 196 336 234; x_wconf 81' lang='lat'>16</span> <span class='ocrx_word' id='word_1_2' title='bbox 863 195 1244 236; x_wconf 85' lang='lat' dir='ltr'><strong>TERTVLLIAN</strong></span> <span class='ocrx_word' id='word_1_3' title='bbox 1248 195 1268 236; x_wconf 94' lang='grc' dir='ltr'>Ι</span> 
     </span>
    </p>
   </div>
   <div class='ocr_carea' id='block_1_2' title="bbox 278 311 1850 1321">
    <p class='ocr_par' dir='ltr' id='par_1_2' title="bbox 278 311 1850 1321">
     <span class='ocr_line' id='line_1_2' title="bbox 280 311 1850 367; baseline 0.001 -15"><span class='ocrx_word' id='word_1_4' title='bbox 280 325 361 351; x_wconf 87' lang='lat' dir='ltr'>nec</span> <span class='ocrx_word' id='word_1_5' title='bbox 386 316 564 353; x_wconf 90' lang='lat' dir='ltr'>tantum</span> <span class='ocrx_word' id='word_1_6' title='bbox 590 311 793 353; x_wconf 72' lang='lat' dir='ltr'>refutabo</span> <span class='ocrx_word' id='word_1_7' title='bbox 820 326 932 366; x_wconf 91' lang='lat' dir='ltr'>quae</span> <span class='ocrx_word' id='word_1_8' title='bbox 957 311 1083 353; x_wconf 89' lang='lat' dir='ltr'>nobis</span> <span class='ocrx_word' id='word_1_9' title='bbox 1108 311 1373 362; x_wconf 88' lang='lat' dir='ltr'>obiciuntur,</span> <span class='ocrx_word' id='word_1_10' title='bbox 1401 312 1476 353; x_wconf 93' lang='lat' dir='ltr'>sed</span> <span class='ocrx_word' id='word_1_11' title='bbox 1503 312 1637 353; x_wconf 86' lang='lat' dir='ltr'>etiam</span> <span class='ocrx_word' id='word_1_12' title='bbox 1662 312 1707 353; x_wconf 90' lang='lat' dir='ltr'>in</span> <span class='ocrx_word' id='word_1_13' title='bbox 1732 313 1850 367; x_wconf 89' lang='lat' dir='ltr'>ipsos</span> 
     </span>
     <span class='ocr_line' id='line_1_3' title="bbox 281 397 1849 452; baseline 0.001 -15"><span class='ocrx_word' id='word_1_14' title='bbox 281 398 545 452; x_wconf 73' lang='lat' dir='ltr'>retorquebo</span> <span class='ocrx_word' id='word_1_15' title='bbox 577 398 651 452; x_wconf 89' lang='lat' dir='ltr'>qui</span> <span class='ocrx_word' id='word_1_16' title='bbox 681 397 892 447; x_wconf 85' lang='lat' dir='ltr'>obiciunt,</span> <span class='ocrx_word' id='word_1_17' title='bbox 925 403 977 439; x_wconf 92' lang='lat' dir='ltr'>ut</span> <span class='ocrx_word' id='word_1_18' title='bbox 1006 412 1058 438; x_wconf 80' lang='lat' dir='ltr'>ex</span> <span class='ocrx_word' id='word_1_19' title='bbox 1089 398 1171 438; x_wconf 89' lang='lat' dir='ltr'>hoc</span> <span class='ocrx_word' id='word_1_20' title='bbox 1201 412 1377 452; x_wconf 89' lang='lat' dir='ltr'>quoque</span> <span class='ocrx_word' id='word_1_21' title='bbox 1405 398 1549 439; x_wconf 89' lang='lat' dir='ltr'>sciant</span> <span class='ocrx_word' id='word_1_22' title='bbox 1578 398 1775 440; x_wconf 89' lang='lat' dir='ltr'>homines</span> <span class='ocrx_word' id='word_1_23' title='bbox 1804 399 1849 439; x_wconf 92' lang='lat' dir='ltr'>in</span> 
     </span>
     <span class='ocr_line' id='line_1_4' title="bbox 283 483 1849 540; baseline 0.001 -15"><span class='ocrx_word' id='word_1_24' title='bbox 283 483 541 526; x_wconf 86' lang='lat' dir='ltr'>Christianis</span> <span class='ocrx_word' id='word_1_25' title='bbox 557 500 644 526; x_wconf 92' lang='lat' dir='ltr'>non</span> <span class='ocrx_word' id='word_1_26' title='bbox 663 499 753 526; x_wconf 89' lang='lat' dir='ltr'>esse</span> <span class='ocrx_word' id='word_1_27' title='bbox 770 499 883 540; x_wconf 88' lang='lat' dir='ltr'>quae</span> <span class='ocrx_word' id='word_1_28' title='bbox 898 485 942 526; x_wconf 88' lang='lat' dir='ltr'>in</span> <span class='ocrx_word' id='word_1_29' title='bbox 959 499 1003 526; x_wconf 90' lang='lat' dir='ltr'>se</span> <span class='ocrx_word' id='word_1_30' title='bbox 1020 485 1222 525; x_wconf 87' lang='lat' dir='ltr'>nesciunt</span> <span class='ocrx_word' id='word_1_31' title='bbox 1238 499 1341 534; x_wconf 90' lang='lat' dir='ltr'>esse,</span> <span class='ocrx_word' id='word_1_32' title='bbox 1360 485 1489 526; x_wconf 90' lang='lat' dir='ltr'>simul</span> <span class='ocrx_word' id='word_1_33' title='bbox 1506 485 1571 526; x_wconf 91' lang='lat' dir='ltr'>uti</span> <span class='ocrx_word' id='word_1_34' title='bbox 1588 485 1849 527; x_wconf 89' lang='lat' dir='ltr'>erubescant</span> 
     </span>
     <span class='ocr_line' id='line_1_5' title="bbox 282 571 1846 626; baseline 0.001 -14"><span class='ocrx_word' id='word_1_35' title='bbox 282 577 540 612; x_wconf 73' lang='lat' dir='ltr'>accusantes</span> <span class='ocrx_word' id='word_1_36' title='bbox 580 586 668 613; x_wconf 92' lang='lat' dir='ltr'>non</span> <span class='ocrx_word' id='word_1_37' title='bbox 709 572 805 613; x_wconf 87' lang='lat' dir='ltr'>dico</span> <span class='ocrx_word' id='word_1_38' title='bbox 847 571 1021 626; x_wconf 81' lang='lat' dir='ltr'>pessimi</span> <span class='ocrx_word' id='word_1_39' title='bbox 1072 571 1276 626; x_wconf 91' lang='lat' dir='ltr'>optimos,</span> <span class='ocrx_word' id='word_1_40' title='bbox 1321 571 1396 612; x_wconf 90' lang='lat' dir='ltr'>sed</span> <span class='ocrx_word' id='word_1_41' title='bbox 1440 571 1542 622; x_wconf 83' lang='lat' dir='ltr'>iam,</span> <span class='ocrx_word' id='word_1_42' title='bbox 1585 577 1637 613; x_wconf 93' lang='lat' dir='ltr'>ut</span> <span class='ocrx_word' id='word_1_43' title='bbox 1675 572 1846 622; x_wconf 86' lang='lat' dir='ltr'>uolunt,</span> 
     </span>
     <span class='ocr_line' id='line_1_6' title="bbox 281 657 1848 713; baseline 0.001 -16"><span class='ocrx_word' id='word_1_44' title='bbox 281 671 492 711; x_wconf 90' lang='lat' dir='ltr'>conpares</span> <span class='ocrx_word' id='word_1_45' title='bbox 532 673 646 699; x_wconf 89' lang='lat' dir='ltr'>suos.</span> <span class='ocrx_word' id='word_1_46' title='bbox 708 657 1091 712; x_wconf 81' lang='lat' dir='ltr'>Respondebimus</span> <span class='ocrx_word' id='word_1_47' title='bbox 1131 657 1188 698; x_wconf 89' lang='lat' dir='ltr'>ad</span> <span class='ocrx_word' id='word_1_48' title='bbox 1228 657 1398 713; x_wconf 86' lang='lat' dir='ltr'>singula</span> <span class='ocrx_word' id='word_1_49' title='bbox 1439 671 1551 712; x_wconf 88' lang='lat' dir='ltr'>quae</span> <span class='ocrx_word' id='word_1_50' title='bbox 1590 658 1635 699; x_wconf 92' lang='lat' dir='ltr'>in</span> <span class='ocrx_word' id='word_1_51' title='bbox 1676 658 1848 699; x_wconf 89' lang='lat' dir='ltr'>occulto</span> 
     </span>
     <span class='ocr_line' id='line_1_7' title="bbox 281 743 1848 800; baseline 0.001 -15"><span class='ocrx_word' id='word_1_52' title='bbox 281 743 517 785; x_wconf 74' lang='lat' dir='ltr'>admittere</span> <span class='ocrx_word' id='word_1_53' title='bbox 542 745 740 795; x_wconf 89' lang='lat' dir='ltr'>dicimur,</span> <span class='ocrx_word' id='word_1_54' title='bbox 769 759 882 800; x_wconf 88' lang='lat' dir='ltr'>quae</span> <span class='ocrx_word' id='word_1_55' title='bbox 909 745 1004 786; x_wconf 91' lang='lat' dir='ltr'>illos</span> <span class='ocrx_word' id='word_1_56' title='bbox 1029 745 1176 800; x_wconf 89' lang='lat' dir='ltr'>palam</span> <span class='ocrx_word' id='word_1_57' title='bbox 1202 744 1491 786; x_wconf 82' lang='lat' dir='ltr'>admittentes</span> <span class='ocrx_word' id='word_1_58' title='bbox 1514 745 1776 796; x_wconf 90' lang='lat' dir='ltr'>inuenimus,</span> <span class='ocrx_word' id='word_1_59' title='bbox 1803 746 1848 786; x_wconf 92' lang='lat' dir='ltr'>in</span> 
     </span>
     <span class='ocr_line' id='line_1_8' title="bbox 281 830 1848 887; baseline 0.001 -16"><span class='ocrx_word' id='word_1_60' title='bbox 281 830 442 885; x_wconf 88' lang='lat' dir='ltr'>quibus</span> <span class='ocrx_word' id='word_1_61' title='bbox 465 832 648 882; x_wconf 90' lang='lat' dir='ltr'>scelesti,</span> <span class='ocrx_word' id='word_1_62' title='bbox 674 832 719 872; x_wconf 90' lang='lat' dir='ltr'>in</span> <span class='ocrx_word' id='word_1_63' title='bbox 744 831 904 887; x_wconf 87' lang='lat' dir='ltr'>quibus</span> <span class='ocrx_word' id='word_1_64' title='bbox 927 831 1044 881; x_wconf 90' lang='lat' dir='ltr'>uani,</span> <span class='ocrx_word' id='word_1_65' title='bbox 1068 831 1113 872; x_wconf 90' lang='lat' dir='ltr'>in</span> <span class='ocrx_word' id='word_1_66' title='bbox 1138 831 1298 886; x_wconf 90' lang='lat' dir='ltr'>quibus</span> <span class='ocrx_word' id='word_1_67' title='bbox 1321 830 1598 882; x_wconf 87' lang='lat' dir='ltr'>damnandis,</span> <span class='ocrx_word' id='word_1_68' title='bbox 1621 831 1666 872; x_wconf 93' lang='lat' dir='ltr'>in</span> <span class='ocrx_word' id='word_1_69' title='bbox 1689 831 1848 886; x_wconf 80' lang='lat' dir='ltr'>quibus</span> 
     </span>
     <span class='ocr_line' id='line_1_9' title="bbox 279 916 1848 973; baseline 0.001 -15"><span class='ocrx_word' id='word_1_70' title='bbox 279 916 497 959; x_wconf 87' lang='lat' dir='ltr'>inridendi</span> <span class='ocrx_word' id='word_1_71' title='bbox 533 918 813 973; x_wconf 86' lang='lat' dir='ltr'>deputamur.</span> <span class='ocrx_word' id='word_1_72' title='bbox 875 918 959 960; x_wconf 80' lang='lat' dir='ltr'>Sed</span> <span class='ocrx_word' id='word_1_73' title='bbox 991 918 1213 973; x_wconf 86' lang='lat' dir='ltr'>quoniam,</span> <span class='ocrx_word' id='word_1_74' title='bbox 1248 932 1347 959; x_wconf 91' lang='lat' dir='ltr'>cum</span> <span class='ocrx_word' id='word_1_75' title='bbox 1379 918 1436 959; x_wconf 90' lang='lat' dir='ltr'>ad</span> <span class='ocrx_word' id='word_1_76' title='bbox 1473 918 1620 959; x_wconf 88' lang='lat' dir='ltr'>omnia</span> <span class='ocrx_word' id='word_1_77' title='bbox 1658 919 1848 960; x_wconf 90' lang='lat' dir='ltr'>occurrit</span> 
     </span>
     <span class='ocr_line' id='line_1_10' title="bbox 280 1004 1847 1060; baseline 0.001 -16"><span class='ocrx_word' id='word_1_78' title='bbox 280 1004 445 1045; x_wconf 88' lang='lat' dir='ltr'>ueritas</span> <span class='ocrx_word' id='word_1_79' title='bbox 475 1010 640 1055; x_wconf 83' lang='lat' dir='ltr'>nostra,</span> <span class='ocrx_word' id='word_1_80' title='bbox 668 1010 891 1060; x_wconf 90' lang='lat' dir='ltr'>postremo</span> <span class='ocrx_word' id='word_1_81' title='bbox 922 1005 1067 1060; x_wconf 84' lang='lat' dir='ltr'>legum</span> <span class='ocrx_word' id='word_1_82' title='bbox 1099 1004 1344 1046; x_wconf 83' lang='lat' dir='ltr'>obstruitur</span> <span class='ocrx_word' id='word_1_83' title='bbox 1369 1004 1611 1045; x_wconf 86' lang='lat' dir='ltr'>auctoritas</span> <span class='ocrx_word' id='word_1_84' title='bbox 1636 1004 1847 1046; x_wconf 88' lang='lat' dir='ltr'>aduersus</span> 
     </span>
     <span class='ocr_line' id='line_1_11' title="bbox 281 1090 1847 1146; baseline 0.001 -15"><span class='ocrx_word' id='word_1_85' title='bbox 281 1096 392 1140; x_wconf 89' lang='lat' dir='ltr'>eam,</span> <span class='ocrx_word' id='word_1_86' title='bbox 409 1096 461 1132; x_wconf 88' lang='lat' dir='ltr'>ut</span> <span class='ocrx_word' id='word_1_87' title='bbox 475 1096 555 1132; x_wconf 90' lang='lat' dir='ltr'>aut</span> <span class='ocrx_word' id='word_1_88' title='bbox 567 1091 674 1132; x_wconf 89' lang='lat' dir='ltr'>nihil</span> <span class='ocrx_word' id='word_1_89' title='bbox 689 1091 863 1133; x_wconf 88' lang='lat' dir='ltr'>dicatur</span> <span class='ocrx_word' id='word_1_90' title='bbox 876 1091 1208 1133; x_wconf 86' lang='lat' dir='ltr'>retractandum</span> <span class='ocrx_word' id='word_1_91' title='bbox 1224 1105 1314 1132; x_wconf 89' lang='lat' dir='ltr'>esse</span> <span class='ocrx_word' id='word_1_92' title='bbox 1328 1096 1429 1146; x_wconf 90' lang='lat' dir='ltr'>post</span> <span class='ocrx_word' id='word_1_93' title='bbox 1442 1091 1556 1146; x_wconf 80' lang='lat' dir='ltr'>leges</span> <span class='ocrx_word' id='word_1_94' title='bbox 1570 1096 1649 1132; x_wconf 89' lang='lat' dir='ltr'>aut</span> <span class='ocrx_word' id='word_1_95' title='bbox 1664 1090 1847 1146; x_wconf 82' lang='lat' dir='ltr'>ingratis</span> 
     </span>
     <span class='ocr_line' id='line_1_12' title="bbox 279 1177 1846 1234; baseline 0.001 -16"><span class='ocrx_word' id='word_1_96' title='bbox 279 1179 516 1220; x_wconf 81' lang='lat' dir='ltr'>necessitas</span> <span class='ocrx_word' id='word_1_97' title='bbox 537 1178 735 1234; x_wconf 88' lang='lat' dir='ltr'>obsequii</span> <span class='ocrx_word' id='word_1_98' title='bbox 752 1179 1026 1234; x_wconf 78' lang='lat' dir='ltr'>praeferatur</span> <span class='ocrx_word' id='word_1_99' title='bbox 1047 1178 1238 1228; x_wconf 86' lang='lat' dir='ltr'>ueritati,</span> <span class='ocrx_word' id='word_1_100' title='bbox 1263 1178 1316 1219; x_wconf 90' lang='lat' dir='ltr'>de</span> <span class='ocrx_word' id='word_1_101' title='bbox 1337 1177 1504 1233; x_wconf 84' lang='lat' dir='ltr'>legibus</span> <span class='ocrx_word' id='word_1_102' title='bbox 1526 1178 1645 1233; x_wconf 89' lang='lat' dir='ltr'>prius</span> <span class='ocrx_word' id='word_1_103' title='bbox 1667 1192 1846 1219; x_wconf 89' lang='lat' dir='ltr'>concur-</span> 
     </span>
     <span class='ocr_line' id='line_1_13' title="bbox 278 1265 1846 1321; baseline 0.001 -16"><span class='ocrx_word' id='word_1_104' title='bbox 278 1279 373 1306; x_wconf 85' lang='lat' dir='ltr'>ram</span> <span class='ocrx_word' id='word_1_105' title='bbox 395 1265 625 1307; x_wconf 87' lang='lat' dir='ltr'>uobiscum</span> <span class='ocrx_word' id='word_1_106' title='bbox 648 1271 698 1308; x_wconf 89' lang='lat' dir='ltr'>ut</span> <span class='ocrx_word' id='word_1_107' title='bbox 719 1280 820 1307; x_wconf 90' lang='lat' dir='ltr'>cum</span> <span class='ocrx_word' id='word_1_108' title='bbox 840 1266 1060 1308; x_wconf 89' lang='lat' dir='ltr'>tutoribus</span> <span class='ocrx_word' id='word_1_109' title='bbox 1077 1266 1235 1321; x_wconf 83' lang='lat' dir='ltr'>legum.</span> <span class='ocrx_word' id='word_1_110' title='bbox 1297 1266 1393 1306; x_wconf 90' lang='lat' dir='ltr'>Iam</span> <span class='ocrx_word' id='word_1_111' title='bbox 1411 1265 1602 1320; x_wconf 90' lang='lat' dir='ltr'>primum</span> <span class='ocrx_word' id='word_1_112' title='bbox 1621 1280 1720 1306; x_wconf 88' lang='lat' dir='ltr'>cum</span> <span class='ocrx_word' id='word_1_113' title='bbox 1739 1265 1846 1306; x_wconf 88' lang='lat' dir='ltr'>dure</span> 
     </span>
    </p>
   </div>
   <div class='ocr_carea' id='block_1_3' title="bbox 275 1352 1845 2220">
    <p class='ocr_par' dir='ltr' id='par_1_3' title="bbox 275 1352 1845 2220">
     <span class='ocr_line' id='line_1_14' title="bbox 280 1352 1845 1394; baseline 0.001 -2"><span class='ocrx_word' id='word_1_114' title='bbox 280 1352 473 1393; x_wconf 89' lang='lat' dir='ltr'>definitis</span> <span class='ocrx_word' id='word_1_115' title='bbox 495 1353 704 1394; x_wconf 87' lang='lat' dir='ltr'>dicendo:</span> <span class='ocrx_word' id='word_1_116' title='bbox 735 1353 835 1394; x_wconf 89' lang='lat' dir='ltr'>Non</span> <span class='ocrx_word' id='word_1_117' title='bbox 856 1353 958 1394; x_wconf 90' lang='lat' dir='ltr'>licet</span> <span class='ocrx_word' id='word_1_118' title='bbox 979 1367 1070 1394; x_wconf 92' lang='lat' dir='ltr'>esse</span> <span class='ocrx_word' id='word_1_119' title='bbox 1091 1353 1192 1394; x_wconf 83' lang='lat' dir='ltr'>uos!</span> <span class='ocrx_word' id='word_1_120' title='bbox 1224 1358 1268 1393; x_wconf 91' lang='lat' dir='ltr'>et</span> <span class='ocrx_word' id='word_1_121' title='bbox 1290 1353 1371 1394; x_wconf 90' lang='lat' dir='ltr'>hoc</span> <span class='ocrx_word' id='word_1_122' title='bbox 1387 1352 1479 1393; x_wconf 92' lang='lat' dir='ltr'>sine</span> <span class='ocrx_word' id='word_1_123' title='bbox 1495 1352 1583 1393; x_wconf 88' lang='lat' dir='ltr'>ullo</span> <span class='ocrx_word' id='word_1_124' title='bbox 1600 1358 1845 1394; x_wconf 88' lang='lat' dir='ltr'>retractatu</span> 
     </span>
     <span class='ocr_line' id='line_1_15' title="bbox 279 1433 1844 1489; baseline 0.001 -16"><span class='ocrx_word' id='word_1_125' title='bbox 279 1433 538 1474; x_wconf 82' lang='lat' dir='ltr'>humaniore</span> <span class='ocrx_word' id='word_1_126' title='bbox 577 1434 886 1489; x_wconf 86' lang='lat' dir='ltr'>praescribitis,</span> <span class='ocrx_word' id='word_1_127' title='bbox 922 1434 1013 1475; x_wconf 90' lang='lat' dir='ltr'>uim</span> <span class='ocrx_word' id='word_1_128' title='bbox 1048 1433 1315 1488; x_wconf 88' lang='lat' dir='ltr'>profitemini</span> <span class='ocrx_word' id='word_1_129' title='bbox 1350 1439 1395 1474; x_wconf 90' lang='lat' dir='ltr'>et-</span> <span class='ocrx_word' id='word_1_130' title='bbox 1426 1433 1624 1488; x_wconf 88' lang='lat' dir='ltr'>iniquam</span> <span class='ocrx_word' id='word_1_131' title='bbox 1660 1448 1712 1475; x_wconf 81' lang='lat' dir='ltr'>ex</span> <span class='ocrx_word' id='word_1_132' title='bbox 1746 1448 1844 1475; x_wconf 90' lang='lat' dir='ltr'>arce</span> 
     </span>
     <span class='ocr_line' id='line_1_16' title="bbox 278 1514 1844 1571; baseline 0.001 -16"><span class='ocrx_word' id='word_1_133' title='bbox 278 1515 642 1566; x_wconf 86' lang='lat' dir='ltr'>dominationem,</span> <span class='ocrx_word' id='word_1_134' title='bbox 661 1516 696 1557; x_wconf 87' lang='lat' dir='ltr'>si</span> <span class='ocrx_word' id='word_1_135' title='bbox 712 1515 810 1557; x_wconf 91' lang='lat' dir='ltr'>ideo</span> <span class='ocrx_word' id='word_1_136' title='bbox 827 1516 998 1571; x_wconf 83' lang='lat' dir='ltr'>negatis</span> <span class='ocrx_word' id='word_1_137' title='bbox 1017 1516 1157 1566; x_wconf 87' lang='lat' dir='ltr'>licere,</span> <span class='ocrx_word' id='word_1_138' title='bbox 1178 1516 1281 1570; x_wconf 91' lang='lat' dir='ltr'>quia</span> <span class='ocrx_word' id='word_1_139' title='bbox 1297 1515 1445 1565; x_wconf 88' lang='lat' dir='ltr'>uultis,</span> <span class='ocrx_word' id='word_1_140' title='bbox 1464 1530 1552 1556; x_wconf 92' lang='lat' dir='ltr'>non</span> <span class='ocrx_word' id='word_1_141' title='bbox 1570 1515 1673 1570; x_wconf 89' lang='lat' dir='ltr'>quia</span> <span class='ocrx_word' id='word_1_142' title='bbox 1689 1514 1844 1556; x_wconf 91' lang='lat' dir='ltr'>debuit</span> 
     </span>
     <span class='ocr_line' id='line_1_17' title="bbox 277 1596 1843 1652; baseline 0.001 -16"><span class='ocrx_word' id='word_1_143' title='bbox 277 1611 366 1637; x_wconf 90' lang='lat' dir='ltr'>non</span> <span class='ocrx_word' id='word_1_144' title='bbox 394 1596 533 1638; x_wconf 89' lang='lat' dir='ltr'>licere.</span> <span class='ocrx_word' id='word_1_145' title='bbox 597 1596 775 1647; x_wconf 82' lang='lat' dir='ltr'>Quodsi,</span> <span class='ocrx_word' id='word_1_146' title='bbox 800 1597 903 1652; x_wconf 87' lang='lat' dir='ltr'>quia</span> <span class='ocrx_word' id='word_1_147' title='bbox 924 1611 1013 1638; x_wconf 92' lang='lat' dir='ltr'>non</span> <span class='ocrx_word' id='word_1_148' title='bbox 1035 1596 1180 1646; x_wconf 91' lang='lat' dir='ltr'>debet,</span> <span class='ocrx_word' id='word_1_149' title='bbox 1203 1596 1301 1638; x_wconf 90' lang='lat' dir='ltr'>ideo</span> <span class='ocrx_word' id='word_1_150' title='bbox 1322 1611 1411 1638; x_wconf 90' lang='lat' dir='ltr'>non</span> <span class='ocrx_word' id='word_1_151' title='bbox 1433 1596 1568 1637; x_wconf 87' lang='lat' dir='ltr'>uultis</span> <span class='ocrx_word' id='word_1_152' title='bbox 1589 1597 1727 1647; x_wconf 90' lang='lat' dir='ltr'>licere,</span> <span class='ocrx_word' id='word_1_153' title='bbox 1752 1597 1843 1637; x_wconf 91' lang='lat' dir='ltr'>sine</span> 
     </span>
     <span class='ocr_line' id='line_1_18' title="bbox 277 1677 1842 1733; baseline 0 -15"><span class='ocrx_word' id='word_1_154' title='bbox 277 1677 412 1718; x_wconf 93' lang='lat' dir='ltr'>dubio</span> <span class='ocrx_word' id='word_1_155' title='bbox 445 1677 490 1718; x_wconf 88' lang='lat' dir='ltr'>id</span> <span class='ocrx_word' id='word_1_156' title='bbox 523 1692 612 1718; x_wconf 90' lang='lat' dir='ltr'>non</span> <span class='ocrx_word' id='word_1_157' title='bbox 645 1677 779 1719; x_wconf 86' lang='lat' dir='ltr'>debet</span> <span class='ocrx_word' id='word_1_158' title='bbox 809 1677 937 1718; x_wconf 89' lang='lat' dir='ltr'>licere</span> <span class='ocrx_word' id='word_1_159' title='bbox 971 1678 1090 1733; x_wconf 90' lang='lat' dir='ltr'>quod</span> <span class='ocrx_word' id='word_1_160' title='bbox 1123 1677 1236 1719; x_wconf 85' lang='lat' dir='ltr'>male</span> <span class='ocrx_word' id='word_1_161' title='bbox 1269 1678 1332 1727; x_wconf 90' lang='lat' dir='ltr'>fit,</span> <span class='ocrx_word' id='word_1_162' title='bbox 1370 1683 1414 1719; x_wconf 91' lang='lat' dir='ltr'>et</span> <span class='ocrx_word' id='word_1_163' title='bbox 1447 1677 1601 1732; x_wconf 88' lang='lat' dir='ltr'>utique</span> <span class='ocrx_word' id='word_1_164' title='bbox 1634 1678 1716 1719; x_wconf 88' lang='lat' dir='ltr'>hoc</span> <span class='ocrx_word' id='word_1_165' title='bbox 1747 1678 1842 1732; x_wconf 92' lang='lat' dir='ltr'>ipso</span> 
     </span>
     <span class='ocr_line' id='line_1_19' title="bbox 276 1758 1842 1813; baseline 0.001 -14"><span class='ocrx_word' id='word_1_166' title='bbox 276 1758 604 1812; x_wconf 87' lang='lat' dir='ltr'>praeiudicatur</span> <span class='ocrx_word' id='word_1_167' title='bbox 638 1759 766 1800; x_wconf 91' lang='lat' dir='ltr'>licere</span> <span class='ocrx_word' id='word_1_168' title='bbox 801 1758 921 1813; x_wconf 85' lang='lat' dir='ltr'>quod</span> <span class='ocrx_word' id='word_1_169' title='bbox 956 1759 1067 1800; x_wconf 90' lang='lat' dir='ltr'>bene</span> <span class='ocrx_word' id='word_1_170' title='bbox 1101 1758 1165 1800; x_wconf 91' lang='lat' dir='ltr'>fit.</span> <span class='ocrx_word' id='word_1_171' title='bbox 1228 1758 1271 1800; x_wconf 81' lang='lat' dir='ltr'>Si</span> <span class='ocrx_word' id='word_1_172' title='bbox 1306 1758 1473 1800; x_wconf 89' lang='lat' dir='ltr'>bonum</span> <span class='ocrx_word' id='word_1_173' title='bbox 1508 1759 1715 1800; x_wconf 90' lang='lat' dir='ltr'>inuenero</span> <span class='ocrx_word' id='word_1_174' title='bbox 1752 1773 1842 1800; x_wconf 91' lang='lat' dir='ltr'>esse</span> 
     </span>
     <span class='ocr_line' id='line_1_20' title="bbox 277 1839 1842 1895; baseline -0.001 -14"><span class='ocrx_word' id='word_1_175' title='bbox 277 1840 397 1894; x_wconf 91' lang='lat' dir='ltr'>quod</span> <span class='ocrx_word' id='word_1_176' title='bbox 420 1840 490 1881; x_wconf 83' lang='lat' dir='ltr'>lex</span> <span class='ocrx_word' id='word_1_177' title='bbox 515 1846 593 1882; x_wconf 89' lang='lat' dir='ltr'>tua</span> <span class='ocrx_word' id='word_1_178' title='bbox 618 1840 857 1895; x_wconf 90' lang='lat' dir='ltr'>prohibuit,</span> <span class='ocrx_word' id='word_1_179' title='bbox 883 1855 1029 1881; x_wconf 89' lang='lat' dir='ltr'>nonne</span> <span class='ocrx_word' id='word_1_180' title='bbox 1054 1855 1107 1881; x_wconf 81' lang='lat' dir='ltr'>ex</span> <span class='ocrx_word' id='word_1_181' title='bbox 1130 1840 1203 1881; x_wconf 88' lang='lat' dir='ltr'>illo</span> <span class='ocrx_word' id='word_1_182' title='bbox 1228 1840 1494 1895; x_wconf 87' lang='lat' dir='ltr'>praeiudicio</span> <span class='ocrx_word' id='word_1_183' title='bbox 1520 1839 1749 1895; x_wconf 90' lang='lat' dir='ltr'>prohibere</span> <span class='ocrx_word' id='word_1_184' title='bbox 1774 1855 1842 1881; x_wconf 90' lang='lat' dir='ltr'>me</span> 
     </span>
     <span class='ocr_line' id='line_1_21' title="bbox 276 1921 1841 1977; baseline 0.001 -15"><span class='ocrx_word' id='word_1_185' title='bbox 276 1936 365 1963; x_wconf 91' lang='lat' dir='ltr'>non</span> <span class='ocrx_word' id='word_1_186' title='bbox 392 1927 541 1977; x_wconf 90' lang='lat' dir='ltr'>potest</span> <span class='ocrx_word' id='word_1_187' title='bbox 567 1922 698 1977; x_wconf 89' lang='lat' dir='ltr'>quod,</span> <span class='ocrx_word' id='word_1_188' title='bbox 728 1923 763 1964; x_wconf 90' lang='lat' dir='ltr'>si</span> <span class='ocrx_word' id='word_1_189' title='bbox 789 1922 956 1963; x_wconf 89' lang='lat' dir='ltr'>malum</span> <span class='ocrx_word' id='word_1_190' title='bbox 983 1927 1109 1972; x_wconf 90' lang='lat' dir='ltr'>esset,</span> <span class='ocrx_word' id='word_1_191' title='bbox 1137 1922 1230 1963; x_wconf 92' lang='lat' dir='ltr'>iure</span> <span class='ocrx_word' id='word_1_192' title='bbox 1256 1921 1534 1977; x_wconf 71' lang='lat' dir='ltr'>prohiberet?</span> <span class='ocrx_word' id='word_1_193' title='bbox 1598 1921 1640 1963; x_wconf 81' lang='lat' dir='ltr'>Si</span> <span class='ocrx_word' id='word_1_194' title='bbox 1667 1921 1736 1962; x_wconf 82' lang='lat' dir='ltr'>lex</span> <span class='ocrx_word' id='word_1_195' title='bbox 1764 1927 1841 1963; x_wconf 88' lang='lat' dir='ltr'>tua</span> 
     </span>
     <span class='ocr_line' id='line_1_22' title="bbox 277 2002 1841 2058; baseline 0 -15"><span class='ocrx_word' id='word_1_196' title='bbox 277 2003 453 2053; x_wconf 89' lang='lat' dir='ltr'>errauit,</span> <span class='ocrx_word' id='word_1_197' title='bbox 487 2009 610 2058; x_wconf 89' lang='lat' dir='ltr'>puto,</span> <span class='ocrx_word' id='word_1_198' title='bbox 644 2003 699 2045; x_wconf 88' lang='lat' dir='ltr'>ab</span> <span class='ocrx_word' id='word_1_199' title='bbox 731 2003 908 2044; x_wconf 90' lang='lat' dir='ltr'>homine</span> <span class='ocrx_word' id='word_1_200' title='bbox 939 2008 1152 2058; x_wconf 90' lang='lat' dir='ltr'>concepta</span> <span class='ocrx_word' id='word_1_201' title='bbox 1184 2008 1271 2052; x_wconf 88' lang='lat' dir='ltr'>est;</span> <span class='ocrx_word' id='word_1_202' title='bbox 1319 2017 1461 2057; x_wconf 89' lang='lat' dir='ltr'>neque</span> <span class='ocrx_word' id='word_1_203' title='bbox 1493 2003 1607 2043; x_wconf 90' lang='lat' dir='ltr'>enim</span> <span class='ocrx_word' id='word_1_204' title='bbox 1638 2002 1692 2043; x_wconf 91' lang='lat' dir='ltr'>de</span> <span class='ocrx_word' id='word_1_205' title='bbox 1723 2003 1841 2044; x_wconf 90' lang='lat' dir='ltr'>caelo</span> 
     </span>
     <span class='ocr_line' id='line_1_23' title="bbox 275 2083 1842 2139; baseline 0 -15"><span class='ocrx_word' id='word_1_206' title='bbox 275 2083 377 2124; x_wconf 90' lang='lat' dir='ltr'>ruit.</span> <span class='ocrx_word' id='word_1_207' title='bbox 439 2083 658 2125; x_wconf 90' lang='lat' dir='ltr'>Miramini</span> <span class='ocrx_word' id='word_1_208' title='bbox 685 2084 907 2125; x_wconf 91' lang='lat' dir='ltr'>hominem</span> <span class='ocrx_word' id='word_1_209' title='bbox 933 2089 1013 2125; x_wconf 89' lang='lat' dir='ltr'>aut</span> <span class='ocrx_word' id='word_1_210' title='bbox 1039 2098 1179 2124; x_wconf 89' lang='lat' dir='ltr'>errare</span> <span class='ocrx_word' id='word_1_211' title='bbox 1205 2084 1400 2138; x_wconf 86' lang='lat' dir='ltr'>potuisse</span> <span class='ocrx_word' id='word_1_212' title='bbox 1425 2084 1470 2124; x_wconf 89' lang='lat' dir='ltr'>in</span> <span class='ocrx_word' id='word_1_213' title='bbox 1495 2084 1587 2139; x_wconf 81' lang='lat' dir='ltr'>lege</span> <span class='ocrx_word' id='word_1_214' title='bbox 1614 2083 1842 2125; x_wconf 87' lang='lat' dir='ltr'>condenda</span> 
     </span>
     <span class='ocr_line' id='line_1_24' title="bbox 275 2164 1840 2220; baseline 0.001 -16"><span class='ocrx_word' id='word_1_215' title='bbox 275 2169 356 2205; x_wconf 89' lang='lat' dir='ltr'>aut</span> <span class='ocrx_word' id='word_1_216' title='bbox 391 2165 621 2219; x_wconf 87' lang='lat' dir='ltr'>resipuisse</span> <span class='ocrx_word' id='word_1_217' title='bbox 658 2165 699 2206; x_wconf 89' lang='lat' dir='ltr'>in</span> <span class='ocrx_word' id='word_1_218' title='bbox 740 2165 1044 2220; x_wconf 73' lang='lat' dir='ltr'>reprobanda?</span> <span class='ocrx_word' id='word_1_219' title='bbox 1108 2164 1208 2206; x_wconf 87' lang='lat' dir='ltr'>Non</span> <span class='ocrx_word' id='word_1_220' title='bbox 1246 2165 1361 2205; x_wconf 88' lang='lat' dir='ltr'>enim</span> <span class='ocrx_word' id='word_1_221' title='bbox 1400 2169 1444 2205; x_wconf 92' lang='lat' dir='ltr'>et</span> <span class='ocrx_word' id='word_1_222' title='bbox 1479 2164 1616 2219; x_wconf 90' lang='lat' dir='ltr'>ipsius</span> <span class='ocrx_word' id='word_1_223' title='bbox 1652 2164 1840 2219; x_wconf 83' lang='lat' dir='ltr'>Lycurgi</span> 
     </span>
    </p>
   </div>
   <div class='ocr_carea' id='block_1_4' title="bbox 274 2244 1840 2300">
    <p class='ocr_par' dir='ltr' id='par_1_4' title="bbox 274 2244 1840 2300">
     <span class='ocr_line' id='line_1_25' title="bbox 274 2244 1840 2300; baseline 0 -15"><span class='ocrx_word' id='word_1_224' title='bbox 274 2244 389 2300; x_wconf 80' lang='lat' dir='ltr'>leges</span> <span class='ocrx_word' id='word_1_225' title='bbox 421 2260 446 2286; x_wconf 87' lang='lat' dir='ltr'>a</span> <span class='ocrx_word' id='word_1_226' title='bbox 478 2246 836 2287; x_wconf 88' lang='lat' dir='ltr'>Lacedaemoniis</span> <span class='ocrx_word' id='word_1_227' title='bbox 868 2245 1128 2287; x_wconf 86' lang='lat' dir='ltr'>emendatae</span> <span class='ocrx_word' id='word_1_228' title='bbox 1159 2251 1337 2287; x_wconf 88' lang='lat' dir='ltr'>tantum</span> <span class='ocrx_word' id='word_1_229' title='bbox 1369 2245 1538 2286; x_wconf 88' lang='lat' dir='ltr'>auctori</span> <span class='ocrx_word' id='word_1_230' title='bbox 1570 2259 1648 2286; x_wconf 90' lang='lat' dir='ltr'>suo</span> <span class='ocrx_word' id='word_1_231' title='bbox 1680 2244 1840 2286; x_wconf 87' lang='lat' dir='ltr'>doloris</span> 
     </span>
    </p>
   </div>
   <div class='ocr_carea' id='block_1_5' title="bbox 1870 1107 1914 1129">
    <p class='ocr_par' dir='ltr' id='par_1_5' title="bbox 1870 1107 1914 1129">
     <span class='ocr_line' id='line_1_26' title="bbox 1870 1107 1914 1129; baseline 0 0"><span class='ocrx_word' id='word_1_232' title='bbox 1870 1107 1914 1129; x_wconf 94' lang='lat'>10</span> 
     </span>
    </p>
   </div>
   <div class='ocr_carea' id='block_1_6' title="bbox 1866 1531 1909 1563">
    <p class='ocr_par' dir='ltr' id='par_1_6' title="bbox 1866 1531 1909 1563">
     <span class='ocr_line' id='line_1_27' title="bbox 1866 1531 1909 1563; baseline 0 0"><span class='ocrx_word' id='word_1_233' title='bbox 1866 1531 1909 1563; x_wconf 84' lang='grc' dir='ltr'>Ι5</span> 
     </span>
    </p>
   </div>
   <div class='ocr_carea' id='block_1_7' title="bbox 277 2325 1904 2381">
    <p class='ocr_par' dir='ltr' id='par_1_7' title="bbox 277 2325 1904 2381">
     <span class='ocr_line' id='line_1_28' title="bbox 277 2325 1904 2381; baseline -0.001 -14"><span class='ocrx_word' id='word_1_234' title='bbox 277 2326 564 2377; x_wconf 82' lang='lat' dir='ltr'>incusserunt,</span> <span class='ocrx_word' id='word_1_235' title='bbox 616 2332 667 2368; x_wconf 87' lang='lat' dir='ltr'>ut</span> <span class='ocrx_word' id='word_1_236' title='bbox 714 2327 755 2368; x_wconf 90' lang='lat' dir='ltr'>in</span> <span class='ocrx_word' id='word_1_237' title='bbox 808 2341 978 2368; x_wconf 88' lang='lat' dir='ltr'>secessu</span> <span class='ocrx_word' id='word_1_238' title='bbox 1025 2327 1170 2368; x_wconf 90' lang='lat' dir='ltr'>inedia</span> <span class='ocrx_word' id='word_1_239' title='bbox 1219 2327 1272 2368; x_wconf 91' lang='lat' dir='ltr'>de</span> <span class='ocrx_word' id='word_1_240' title='bbox 1321 2327 1555 2381; x_wconf 89' lang='lat' dir='ltr'>semetipso</span> <span class='ocrx_word' id='word_1_241' title='bbox 1602 2325 1834 2367; x_wconf 73' lang='lat' dir='ltr'>iudicarit?</span> <span class='ocrx_word' id='word_1_242' title='bbox 1859 2343 1904 2375; x_wconf 83' lang='lat'>25</span> 
     </span>
    </p>
   </div>
   <div class='ocr_carea' id='block_1_8' title="bbox 274 2405 1837 2625">
    <p class='ocr_par' dir='ltr' id='par_1_8' title="bbox 274 2405 1837 2625">
     <span class='ocr_line' id='line_1_29' title="bbox 274 2405 1837 2463; baseline 0.001 -17"><span class='ocrx_word' id='word_1_243' title='bbox 274 2405 431 2447; x_wconf 87' lang='lat' dir='ltr'>Nonne</span> <span class='ocrx_word' id='word_1_244' title='bbox 473 2413 517 2449; x_wconf 91' lang='lat' dir='ltr'>et</span> <span class='ocrx_word' id='word_1_245' title='bbox 557 2422 635 2449; x_wconf 93' lang='lat' dir='ltr'>uos</span> <span class='ocrx_word' id='word_1_246' title='bbox 677 2408 837 2449; x_wconf 85' lang='lat' dir='ltr'>cotidie</span> <span class='ocrx_word' id='word_1_247' title='bbox 877 2408 1187 2463; x_wconf 83' lang='lat' dir='ltr'>experimentis</span> <span class='ocrx_word' id='word_1_248' title='bbox 1227 2406 1593 2449; x_wconf 87' lang='lat' dir='ltr'>inluminantibus</span> <span class='ocrx_word' id='word_1_249' title='bbox 1634 2407 1837 2448; x_wconf 89' lang='lat' dir='ltr'>tenebras</span> 
     </span>
     <span class='ocr_line' id='line_1_30' title="bbox 275 2487 1836 2544; baseline 0 -16"><span class='ocrx_word' id='word_1_250' title='bbox 275 2487 558 2542; x_wconf 87' lang='lat' dir='ltr'>antiquitatis</span> <span class='ocrx_word' id='word_1_251' title='bbox 586 2494 730 2530; x_wconf 89' lang='lat' dir='ltr'>totam</span> <span class='ocrx_word' id='word_1_252' title='bbox 759 2489 879 2530; x_wconf 91' lang='lat' dir='ltr'>illam</span> <span class='ocrx_word' id='word_1_253' title='bbox 908 2495 1102 2530; x_wconf 90' lang='lat' dir='ltr'>ueterem</span> <span class='ocrx_word' id='word_1_254' title='bbox 1132 2495 1176 2530; x_wconf 91' lang='lat' dir='ltr'>et</span> <span class='ocrx_word' id='word_1_255' title='bbox 1204 2489 1478 2544; x_wconf 86' lang='lat' dir='ltr'>squalentem</span> <span class='ocrx_word' id='word_1_256' title='bbox 1507 2488 1663 2529; x_wconf 86' lang='lat' dir='ltr'>siluam</span> <span class='ocrx_word' id='word_1_257' title='bbox 1692 2488 1836 2543; x_wconf 81' lang='lat' dir='ltr'>legum</span> 
     </span>
     <span class='ocr_line' id='line_1_31' title="bbox 274 2569 1836 2625; baseline 0 -16"><span class='ocrx_word' id='word_1_258' title='bbox 274 2569 401 2609; x_wconf 88' lang='lat' dir='ltr'>nouis</span> <span class='ocrx_word' id='word_1_259' title='bbox 416 2569 723 2624; x_wconf 88' lang='lat' dir='ltr'>principalium</span> <span class='ocrx_word' id='word_1_260' title='bbox 738 2570 1048 2625; x_wconf 89' lang='lat' dir='ltr'>rescriptorum</span> <span class='ocrx_word' id='word_1_261' title='bbox 1065 2570 1113 2611; x_wconf 74' lang='lat' dir='ltr'>et&#39;</span> <span class='ocrx_word' id='word_1_262' title='bbox 1124 2570 1367 2611; x_wconf 86' lang='lat' dir='ltr'>edictorum</span> <span class='ocrx_word' id='word_1_263' title='bbox 1382 2569 1604 2610; x_wconf 88' lang='lat' dir='ltr'>securibus</span> <span class='ocrx_word' id='word_1_264' title='bbox 1620 2569 1836 2610; x_wconf 88' lang='lat' dir='ltr'>truncatis</span> 
     </span>
    </p>
   </div>
   <div class='ocr_carea' id='block_1_9' title="bbox 275 2648 1834 2705">
    <p class='ocr_par' dir='ltr' id='par_1_9' title="bbox 275 2648 1834 2705">
     <span class='ocr_line' id='line_1_32' title="bbox 275 2648 1834 2705; baseline -0.001 -15"><span class='ocrx_word' id='word_1_265' title='bbox 275 2654 321 2691; x_wconf 92' lang='lat' dir='ltr'>et</span> <span class='ocrx_word' id='word_1_266' title='bbox 344 2650 551 2691; x_wconf 73' lang='lat' dir='ltr'>caeditis?</span> <span class='ocrx_word' id='word_1_267' title='bbox 615 2650 773 2691; x_wconf 91' lang='lat' dir='ltr'>Nonne</span> <span class='ocrx_word' id='word_1_268' title='bbox 795 2651 1056 2692; x_wconf 87' lang='lat' dir='ltr'>uanissimas</span> <span class='ocrx_word' id='word_1_269' title='bbox 1080 2651 1239 2705; x_wconf 86' lang='lat' dir='ltr'>Papias</span> <span class='ocrx_word' id='word_1_270' title='bbox 1262 2650 1388 2704; x_wconf 83' lang='lat' dir='ltr'>leges,</span> <span class='ocrx_word' id='word_1_271' title='bbox 1415 2663 1527 2704; x_wconf 87' lang='lat' dir='ltr'>quae</span> <span class='ocrx_word' id='word_1_272' title='bbox 1551 2654 1655 2690; x_wconf 88' lang='lat' dir='ltr'>ante</span> <span class='ocrx_word' id='word_1_273' title='bbox 1678 2648 1834 2689; x_wconf 90' lang='lat' dir='ltr'>liberos</span> 
     </span>
    </p>
   </div>
   <div class='ocr_carea' id='block_1_10' title="bbox 273 2729 1900 2785">
    <p class='ocr_par' dir='ltr' id='par_1_10' title="bbox 273 2729 1900 2785">
     <span class='ocr_line' id='line_1_33' title="bbox 273 2729 1900 2785; baseline 0.001 -15"><span class='ocrx_word' id='word_1_274' title='bbox 273 2730 435 2784; x_wconf 83' lang='lat' dir='ltr'>suscipi</span> <span class='ocrx_word' id='word_1_275' title='bbox 460 2735 624 2785; x_wconf 85' lang='lat' dir='ltr'>cogunt</span> <span class='ocrx_word' id='word_1_276' title='bbox 648 2745 782 2784; x_wconf 87' lang='lat' dir='ltr'>quam</span> <span class='ocrx_word' id='word_1_277' title='bbox 804 2731 942 2771; x_wconf 90' lang='lat' dir='ltr'>Iuliae</span> <span class='ocrx_word' id='word_1_278' title='bbox 967 2731 1298 2772; x_wconf 90' lang='lat' dir='ltr'>matrimonium</span> <span class='ocrx_word' id='word_1_279' title='bbox 1323 2729 1535 2779; x_wconf 86' lang='lat' dir='ltr'>contrahi,</span> <span class='ocrx_word' id='word_1_280' title='bbox 1559 2734 1660 2784; x_wconf 87' lang='lat' dir='ltr'>post</span> <span class='ocrx_word' id='word_1_281' title='bbox 1683 2734 1834 2770; x_wconf 83' lang='lat' dir='ltr'>tantae</span> <span class='ocrx_word' id='word_1_282' title='bbox 1856 2749 1900 2779; x_wconf 72' lang='lat'>30</span> 
     </span>
    </p>
   </div>
   <div class='ocr_carea' id='block_1_11' title="bbox 272 2809 1834 2946">
    <p class='ocr_par' dir='ltr' id='par_1_11' title="bbox 272 2809 1834 2946">
     <span class='ocr_line' id='line_1_34' title="bbox 272 2809 1831 2864; baseline -0.001 -13"><span class='ocrx_word' id='word_1_283' title='bbox 272 2810 552 2851; x_wconf 86' lang='lat' dir='ltr'>auctoritatis</span> <span class='ocrx_word' id='word_1_284' title='bbox 566 2816 838 2852; x_wconf 87' lang='lat' dir='ltr'>senectutem</span> <span class='ocrx_word' id='word_1_285' title='bbox 854 2811 944 2852; x_wconf 90' lang='lat' dir='ltr'>heri</span> <span class='ocrx_word' id='word_1_286' title='bbox 960 2811 1157 2861; x_wconf 81' lang='lat' dir='ltr'>Seuerus,</span> <span class='ocrx_word' id='word_1_287' title='bbox 1175 2810 1556 2851; x_wconf 87' lang='lat' dir='ltr'>constantissimus</span> <span class='ocrx_word' id='word_1_288' title='bbox 1571 2809 1831 2864; x_wconf 88' lang='lat' dir='ltr'>principum,</span> 
     </span>
     <span class='ocr_line' id='line_1_35' title="bbox 274 2889 1834 2946; baseline -0.001 -15"><span class='ocrx_word' id='word_1_289' title='bbox 274 2890 486 2932; x_wconf 68' lang='lat' dir='ltr'>exclusit?</span> <span class='ocrx_word' id='word_1_290' title='bbox 549 2890 634 2931; x_wconf 83' lang='lat' dir='ltr'>Sed</span> <span class='ocrx_word' id='word_1_291' title='bbox 658 2896 703 2931; x_wconf 89' lang='lat' dir='ltr'>et</span> <span class='ocrx_word' id='word_1_292' title='bbox 724 2890 942 2932; x_wconf 87' lang='lat' dir='ltr'>iudicatos</span> <span class='ocrx_word' id='word_1_293' title='bbox 963 2891 1009 2932; x_wconf 90' lang='lat' dir='ltr'>in</span> <span class='ocrx_word' id='word_1_294' title='bbox 1033 2896 1180 2946; x_wconf 88' lang='lat' dir='ltr'>partes</span> <span class='ocrx_word' id='word_1_295' title='bbox 1203 2890 1338 2931; x_wconf 88' lang='lat' dir='ltr'>secari</span> <span class='ocrx_word' id='word_1_296' title='bbox 1362 2905 1386 2931; x_wconf 90' lang='lat' dir='ltr'>a</span> <span class='ocrx_word' id='word_1_297' title='bbox 1411 2890 1698 2932; x_wconf 89' lang='lat' dir='ltr'>creditoribus</span> <span class='ocrx_word' id='word_1_298' title='bbox 1720 2889 1834 2945; x_wconf 85' lang='lat' dir='ltr'>leges</span> 
     </span>
    </p>
   </div>
  </div>
 </body>
</html>
