1975 3306
260 107 343 146 382
837 102 1243 143 TERTVLLIANI
1468 103 1528 158 [p.
1555 105 1633 144 110
1656 103 1683 146 l.
1712 105 1820 144 13-

260 238 319 278 pr.
337 224 392 273 (ΙΙ
412 223 466 263 46
483 221 570 275 Μ.).
635 220 711 276 Ep.
726 220 780 261 ad
799 219 956 275 Diogn.
975 222 999 261 5
1018 234 1056 275 p.
1076 217 1192 261 497b.
1247 218 1582 273 κοσμοπολίτης
1600 220 1819 277 Diogenes

258 289 304 330 in
336 289 461 344 Diog.
495 288 636 329 Laert.
660 298 708 327 VI
742 288 809 328 63.
834 285 899 328 72.
963 285 1086 327 Philo
1118 286 1234 342 quod
1265 286 1405 327 omnis
1431 287 1591 342 probus
1623 287 1731 329 liber
1762 290 1818 329 20

259 362 295 411 (1
313 362 398 401 468
416 359 504 412 Μ.).
547 358 620 411 (de
643 356 934 413 Antigenida)
956 359 1040 398 445
1064 357 1116 398 Μ.
1162 356 1371 398 Antonin.
1391 368 1440 397 IV
1456 359 1492 398 4.
1512 368 1543 398 x
1560 360 1625 399 15.
1668 356 1816 400 Const.

259 430 409 485 Apost.
443 440 510 469 VII
544 430 610 470 39.
672 427 894 483 Aristoph.
930 427 1044 468 Plut.
1083 429 1193 468 1151
1235 426 1397 480 πατρὶς
1435 426 1520 481 νγάρ
1565 428 1662 469 ἐστι
1704 426 1816 469 ‘mio'

217 518 237 548 5
262 499 311 542 ἵν’
343 499 397 541 ἂν
429 499 610 554 πράττῃ
643 515 709 543 τις
741 497 797 540 εὖ.
853 496 1039 553 Epictet.
1070 508 1125 537 111
1149 499 1204 538 24
1225 495 1245 553 ξ
1267 499 1322 539 66
1347 497 1416 550 (Of
1439 497 1587 554 Diog.)
1609 495 1738 540 πᾶσά
1759 501 1815 551 Γγῆ

258 570 418 625 πατρὶς
450 568 502 620 ἦν
536 567 685 624 ἐκείνῳ
727 566 857 623 μόνῳ,
903 566 1127 623 ἐξαίρετος
1163 566 1197 608 δ’
1235 565 1428 621 οὐδεμία.
1497 567 1730 610 Democrit.
1769 568 1814 609 fr.

260 643 342 682 225
378 639 504 695 ἀνδρὶ
533 640 664 695 σοφῷ
692 640 822 679 πᾶσα
849 641 904 690 Γγῆ
932 637 1073 690 βατή·
1103 639 1262 693 ψυχῆς
1282 635 1367 692 «γὰρ
1401 636 1570 690 ἀγαθῆς
1601 637 1762 694 πατρὶς
1795 635 1817 680 ὁ

259 711 434 766 ξύμπας
465 709 632 764 κόσμος
661 708 802 760 (Stob.
833 707 944 748 Flor.
978 719 1039 748 XL
1062 706 1117 761 7).
1182 706 1281 748 Sen.
1314 707 1367 749 de
1401 707 1504 750 Otio
1537 707 1636 764 Sap.
1669 710 1696 749 4
1727 706 1747 764 ξ
1779 710 1814 749 1.

259 798 322 839 ep.
357 784 411 823 28
443 779 463 837 ξ
493 782 576 821 4n.
609 778 921 836 [unpublished
956 778 1006 819 Α.
1023 777 1096 832 S.].
1159 779 1215 819 48
1244 776 1263 834 ξ
1296 780 1333 820 3.
1377 780 1430 821 95
1464 777 1484 836 ξ
1518 781 1583 821 52.
1646 779 1712 821 De
1745 779 1816 820 Ira

195 869 238 891 10
259 864 293 893 11
316 854 368 894 31
393 849 413 907 ξ
435 850 470 892 7.
534 849 669 892 Clem.
693 849 816 890 Alex.
840 848 998 890 Strom.
1022 859 1072 888 1v
1094 846 1113 904 ξ
1137 846 1218 888 172
1242 862 1281 903 p.
1306 850 1389 890 642
1400 848 1444 890 P.

344 936 382 977 p.
409 923 492 962 110
514 919 538 961 l.
564 921 618 960 14
642 919 765 974 Kaye
789 919 961 959 366—8
984 916 1071 971 (De
1094 917 1321 973 Spectata).

343 1001 679 1032 RENVNTIAMVS
702 990 751 1030 cf.
774 1003 805 1029 c.
824 989 877 1028 42
901 1003 940 1043 p.
966 989 1047 1028 122
1072 987 1095 1028 l.
1120 989 1175 1028 20
1190 1002 1230 1028 n.
1292 987 1358 1028 De
1392 987 1555 1029 Anima
1577 990 1631 1030 35
1663 1004 1702 1045 p.
1729 990 1815 1031 360

256 1062 279 1103 l.
319 1063 373 1102 24
404 1061 529 1102 VViss.
561 1066 651 1102 tum
682 1060 721 1101 si
750 1059 796 1100 in
828 1059 1047 1100 diabolum
1079 1058 1342 1114 transfertur
1372 1058 1621 1101 aduersarii
1650 1059 1814 1109 mentio,

256 1146 305 1173 ex
339 1130 625 1172 obseruatione
661 1129 884 1171 comitante
922 1143 1015 1170 cum
1049 1128 1124 1170 illo
1159 1143 1318 1184 quoque
1353 1129 1538 1171 moneris
1568 1144 1661 1171 eam
1702 1129 1815 1171 inire

158 1211 234 1254 '15
257 1201 538 1250 concordiam,
587 1215 694 1255 quae
734 1199 958 1254 deputetur
1004 1212 1053 1239 θα)
1087 1197 1200 1254 fidei
1250 1199 1535 1241 conuentione:
1582 1203 1734 1254 pactus
1773 1213 1815 1240 es

256 1272 368 1314 enim
399 1271 647 1312 renuntiare
672 1269 758 1324 ipsi
788 1274 826 1310 et
853 1283 1038 1324 pompae
1064 1274 1101 1310 et
1130 1269 1294 1324 anyelis
1322 1269 1421 1310 eius.
1483 1270 1676 1311 conuenit
1703 1270 1814 1312 inter

258 1357 329 1383 uos
370 1342 420 1383 de
460 1341 549 1382 isto.
623 1340 721 1381 haec
763 1339 844 1381 erit
890 1339 1085 1380 amicitia
1136 1339 1424 1381 obseruatione
1474 1341 1722 1396 sponsionis,
1765 1355 1814 1383 ne

254 1411 358 1466 quid
389 1411 478 1452 eius
504 1416 652 1465 postea
690 1423 881 1450 resumas
917 1423 966 1450 ecc
998 1408 1076 1458 his,
1115 1424 1222 1464 quae
1255 1409 1438 1458 eierasti,
1473 1424 1579 1465 quae
1614 1410 1685 1451 illi
1717 1410 1812 1452 red-

255 1481 417 1530 didisti,
440 1497 489 1522 ne
515 1487 552 1523 te
574 1486 619 1522 ut
638 1479 962 1535 fraudatorem,
983 1485 1030 1521 ut
1045 1481 1168 1535 pacti
1188 1486 1543 1535 transyressorem
1574 1481 1712 1523 iudici
1735 1481 1811 1523 deo

188 1571 234 1593 20
256 1553 416 1594 obiciat.
480 1551 546 1592 De
582 1550 777 1606 Spectac.
807 1553 828 1590 1
860 1565 898 1606 p.
932 1553 952 1590 1
991 1550 1015 1590 l.
1051 1551 1103 1591 19
1134 1549 1259 1591 Wiss.
1291 1552 1327 1592 2.
1390 1551 1417 1590 4
1448 1565 1488 1606 p.
1521 1552 1546 1592 6
1574 1551 1597 1592 l.
1629 1553 1653 1591 2
1687 1550 1809 1594 Wiss.

254 1638 349 1665 cum
391 1637 549 1677 aquam
589 1620 772 1675 inyressi
815 1620 1109 1662 Christianam
1141 1619 1276 1675 fidem
1317 1620 1362 1661 in
1405 1620 1510 1675 leyis
1544 1635 1646 1662 suae
1682 1621 1811 1663 uerba

248 1693 513 1748 profitemur,
534 1691 800 1733 renuntiasse
823 1705 896 1732 nos
920 1689 1087 1732 diabolo
1112 1695 1149 1731 et
1169 1704 1353 1744 pompae
1381 1696 1419 1732 et
1447 1691 1609 1746 anyelis
1630 1691 1719 1732 eius
1741 1706 1811 1733 ore

255 1768 391 1804 nostro
434 1766 724 1803 contestamur.
767 1759 871 1815 quid
904 1760 985 1801 erit
1020 1774 1233 1800 summum
1269 1764 1397 1814 atque
1432 1760 1727 1815 praecipuum,
1763 1760 1810 1801 in

253 1847 331 1888 quo
364 1831 558 1873 diabolus
589 1836 627 1872 et
653 1844 836 1886 pompae
868 1835 906 1870 et
937 1829 1082 1884 angeli
1109 1829 1201 1870 eius
1232 1836 1491 1879 censeantur,
1515 1845 1645 1885 quam
1674 1830 1808 1873 idolo-

186 1921 231 1952 25
254 1903 388 1944 latria
403 1902 615 1956 2...i9itur
636 1901 675 1942 si
696 1916 744 1943 ea·
774 1900 1026 1942 idololatria
1048 1900 1297 1942 ‘uniuersam
1317 1901 1652 1955 spectaculorum
1670 1916 1809 1956 para-

254 1979 395 2015 turam
431 1978 623 2014 constare
655 1971 897 2020 constiterit,
929 1970 1166 2012 indubitate
1187 1970 1541 2025 praeiudicatum
1566 1971 1649 2012 erit
1679 1972 1809 2013 etiam

252 2043 308 2085 ad
345 2042 585 2097 spectacula
620 2042 836 2096 pertinere
872 2041 1202 2082 ‘renuntiationis
1239 2046 1405 2083 nostrae
1445 2041 1731 2082 testimonium
1762 2042 1806 2082 in

252 2115 439 2161 lauacro,
461 2126 567 2167 (suae
596 2111 763 2152 diabolo
787 2117 824 2152 et
851 2125 1036 2166 pompae
1064 2117 1102 2152 et
1133 2110 1296 2165 anyelis
1324 2110 1415 2154 eius
1438 2111 1524 2152 sint
1557 2111 1807 2166 mancipata

250 2184 406 2226 scilicet
437 2198 514 2237 per
547 2182 836 2223 idololatrian.
871 2182 896 2222 6
913 2181 937 2221 f.
960 2180 1068 2233 (also
1091 2195 1160 2221 ren
1171 2180 1379 2233 untiatio).
1426 2182 1478 2222 13
1500 2195 1562 2236 pr.
1606 2183 1660 2221 24
1688 2195 1725 2236 p.
1751 2182 1806 2222 24

182 2272 230 2303 30
252 2253 274 2295 l.
300 2255 354 2294 20
378 2252 502 2293 Wiss.
531 2252 627 2293 hinc
655 2251 721 2292 uel
745 2251 930 2292 maoez‘me
956 2250 1202 2304 intelleyunt
1223 2249 1397 2304 factum
1431 2249 1735 2300 Christianum,
1758 2250 1807 2293 de

250 2322 427 2378 repudio
458 2321 801 2376 spectaculorum.
865 2319 920 2360 ad
963 2319 1090 2360 Mart).
1134 2320 1158 2359 2
1201 2334 1284 2360 non
1323 2319 1543 2361 sollemnes
1583 2320 1803 2361 nationum

248 2392 338 2434 dies
379 2393 475 2446 ipsa
518 2389 809 2433 commiaetione
849 2388 1103 2444 participas,
1137 2403 1219 2429 non
1262 2387 1480 2429 nidoribus
1511 2389 1678 2444 spurcis
1709 2404 1804 2431 uer-

249 2463 423 2511 beraris,
446 2477 528 2503 non
551 2460 806 2503 clamoribus
827 2459 1173 2514 spectaculorum,
1205 2459 1425 2500 atrocitate
1456 2459 1524 2500 uel
1545 2458 1704 2514 furore
1730 2459 1798 2501 uel

248 2533 521 2588 impudicitia
538 2530 837 2573 celebrantium
859 2529 1060 2578 caederis,
1083 2543 1163 2570 non
1184 2528 1230 2568 in
1253 2528 1344 2570 loca
1367 2528 1594 2570 libidinum
1609 2528 1803 2583 publica-

180 2621 226 2653 35
250 2619 347 2644 rum
369 2603 480 2644 oculi
502 2602 565 2643 tui
585 2602 839 2656 impinyunt.
899 2600 964 2640 De
992 2599 1140 2640 Idolol.
1164 2601 1189 2640 6
1210 2614 1272 2655 pr.
1298 2601 1349 2640 15
1374 2599 1400 2641 f.
1424 2598 1499 2640 bis.
1524 2600 1579 2639 24
1601 2598 1671 2639 fin.
1734 2598 1801 2639 De

250 2672 414 2713 Paenit.
439 2674 462 2712 5
482 2687 536 2712 m.
560 2673 584 2712 6
608 2686 668 2726 pr.
731 2669 797 2711 De
821 2668 937 2711 Culta.
962 2669 1079 2710 Fem.
1102 2680 1117 2709 Ι
1145 2670 1168 2708 2
1185 2669 1210 2709 f.
1273 2667 1340 2709 De
1371 2666 1465 2710 Cor.
1490 2667 1618 2708 Milit.
1642 2668 1667 2708 3
1691 2667 1802 2709 med.

246 2743 421 2798 denique
447 2748 488 2783 ut
511 2757 537 2783 a
560 2741 812 2796 baptismate
832 2740 1069 2794 inyrediar‚
1091 2739 1257 2787 ibidem,
1279 2738 1352 2780 sed
1373 2744 1410 2780 et
1432 2738 1653 2793 aliquanto
1678 2738 1803 2793 prius

244 2814 290 2855 in
313 2813 482 2856 eeclesia
502 2812 576 2854 sub
599 2811 805 2853 antistitis
826 2826 951 2852 manu
970 2816 1263 2859 contestamur,
1282 2824 1354 2851 nos
1370 2808 1619 2851 renuntiare
1635 2807 1801 2850 diabolo
