1975 3306
247 149 330 191 294
821 142 1228 186 TERTVLLIANI
1517 142 1577 199 [p.
1603 141 1707 184 701.
1734 142 1817 182 3-

336 276 376 317 Ρ.
393 259 447 302 7Ο
466 260 489 301 l.
509 261 534 302 3
558 270 755 300 NVMERO
775 258 810 312 )(
828 257 987 299 Iustin.
1002 257 1116 299 Dial.
1134 272 1166 298 c.
1182 256 1342 313 Tryph.
1361 258 1445 297 128
1460 271 1500 312 p.
1518 258 1619 298 3580
1641 254 1817 311 ἀριθμῷ

250 332 396 389 ἕτερὸν
420 349 474 373 τι.
521 332 575 373 62
599 345 638 386 p.
664 332 776 371 2850.
822 331 905 371 129
929 344 990 385 pr.
1013 344 1052 385 p.
1076 326 1194 370 358‘1.
1238 327 1294 369 ib.
1317 343 1356 384 p.
1380 325 1515 370 359212.
1560 329 1614 369 56
1637 341 1676 383 p.
1702 323 1820 368 276⁶.

337 412 499 443 GRADV
532 411 628 441 NON
661 411 805 441 STATV
838 399 951 440 Adu.
987 398 1110 440 Prax.
1147 400 1172 439 8
1207 412 1247 454 p.
1281 399 1366 440 2:39
1402 397 1426 438 l.
1458 399 1510 438 11
1552 396 1627 438 Kr.
1658 398 1711 439 19
1745 396 1818 438 fin.

249 473 459 515 rationem
491 470 725 519 reddimus,
748 485 832 526 qua
865 468 936 511 dei
968 484 1050 511 non
1085 469 1168 511 duo
1203 467 1405 511 dicantur
1439 482 1511 510 nec
1544 466 1720 517 domini,
1746 466 1823 509 sed

210 562 229 593 5
251 558 336 599 qua
350 548 479 598 pater
501 547 538 584 et
559 541 687 597 filius
709 541 804 590 duo,
828 546 865 582 et
887 540 961 582 lioc
984 555 1065 582 non
1088 554 1137 582 ea:
1157 538 1430 594 separatione
1450 537 1723 586 substantiae,
1745 537 1821 581 sed

250 629 300 656 eoe
327 612 613 669 dispositione,
635 625 731 653 cum
759 610 1038 653 indiuiduam
1069 615 1106 652 et
1135 610 1434 665 inseparatum
1458 609 1606 665 filiuni
1637 624 1664 650 a
1690 614 1823 664 patre

246 684 591 740 pronuntiamus,
613 697 685 724 nec
707 688 834 732 statu,
855 681 929 724 sed
948 681 1094 737 qmdu
1125 681 1277 730 alium,
1299 680 1372 735 qui
1399 680 1477 722 etsi
1505 680 1608 722 deus
1636 679 1823 728 dicatur,

252 754 420 812 quando
459 754 708 796 nominatur
744 753 994 809 sinqularis,
1031 768 1113 794 non
1149 751 1243 794 ideo
1280 752 1386 794 duos
1422 751 1519 793 deos
1555 750 1714 807 faciat,
1747 751 1824 793 sed

252 842 395 873 unum,
422 825 496 867 hoc
533 825 637 881 ipso,
664 823 776 880 qaod
813 829 851 866 et
885 823 987 866 deus
1019 838 1068 865 ea·
1099 823 1264 865 unitate
1297 821 1441 878 patris
1478 821 1626 863 uocari
1659 820 1819 863 habeat.

191 916 233 938 10
252 896 308 938 ib.
328 898 352 937 2
374 895 446 937 fin.
464 895 588 951 quasi
609 910 691 937 non
713 894 773 936 sic
795 908 954 950 quoque
977 908 1086 934 unus
1107 893 1163 935 sit
1186 892 1343 942 omnia,
1360 892 1465 934 dum
1487 907 1536 934 ex
1556 907 1638 933 uno
1662 892 1820 940 omnia,

250 982 330 1022 per
369 965 631 1007 substantiae
672 964 830 1007 scilicet
882 963 1098 1012 unitatem,
1141 969 1179 1004 et
1229 961 1510 1004 nihilominus
1557 961 1825 1003 custodiatur

255 1036 517 1079 oilconomiae
545 1040 875 1084 sacramentum,
899 1049 1008 1090 qaae
1036 1034 1245 1076 ‘unitatem
1274 1034 1318 1074 in
1352 1033 1592 1074 trinitatem
1623 1032 1823 1087 disponit,

256 1114 340 1150 tres
380 1106 584 1163 diriqens,
605 1112 780 1162 patrem
817 1111 854 1148 et
891 1104 1042 1160 filiuni
1084 1110 1120 1147 et
1161 1105 1524 1160 spirituni‚—tres
1561 1109 1703 1145 autem
1742 1118 1823 1145 non

255 1184 380 1228 statu,
412 1177 484 1220 sed
517 1177 674 1233 qradu,
705 1192 777 1219 nec
813 1175 1063 1226 substantia,
1095 1175 1168 1218 sed
1194 1175 1362 1232 forma,
1396 1189 1470 1216 nec
1499 1179 1719 1230 potestate,
1750 1173 1826 1215 sed

193 1265 235 1296 15
255 1249 589 1306 specie,—unius
603 1253 744 1289 autem
757 1246 1018 1288 substantiae
1035 1251 1073 1288 et
1089 1246 1219 1287 unius
1235 1251 1372 1287 statas
1389 1250 1426 1287 et
1442 1245 1571 1286 ‘unius
1589 1243 1827 1299 potestatis,

258 1319 361 1376 quia
394 1334 504 1360 unus
538 1318 653 1367 deus,
676 1333 725 1360 ex
759 1333 840 1373 quo
876 1323 914 1360 et
945 1317 1111 1373 ¹qradus
1143 1316 1219 1358 isti
1252 1322 1290 1358 et
1315 1316 1493 1371 formae
1525 1321 1562 1357 et
1593 1315 1748 1370 species
1778 1315 1827 1356 in

260 1389 429 1432 nomine
456 1389 604 1444 patris
634 1394 672 1430 et
699 1388 794 1443 filii
825 1393 863 1430 et
886 1387 1068 1443 spiritus
1092 1386 1230 1428 sancti
1255 1386 1527 1441 deputantur.
1591 1387 1643 1425 21
1675 1399 1715 1440 p.
1740 1385 1827 1426 264·

259 1460 283 1501 l.
313 1462 337 1501 5
367 1459 443 1501 Kr.
471 1474 556 1501 non
588 1458 767 1501 eundem
802 1463 944 1499 autem
977 1472 1061 1499 non
1094 1456 1218 1512 quasi
1251 1461 1513 1511 separatam,
1544 1454 1825 1510 dispositione

260 1531 410 1581 alium,
441 1546 525 1573 non
556 1529 779 1572 diuisione.
843 1528 926 1583 [Cf.
961 1527 1164 1583 Ps.-Aug.
1199 1526 1377 1579 Quaesb.
1413 1528 1495 1567 122
1528 1523 1624 1583 §26
1657 1525 1708 1567 A.
1733 1525 1793 1579 S]

197 1619 240 1640 20
348 1612 565 1642 RECESSIT
591 1600 703 1657 Aug.
728 1600 805 1656 Ep.
831 1599 913 1641 137
936 1597 956 1656 ξ
978 1601 1002 1641 6
1026 1604 1064 1641 et
1080 1604 1289 1654 putamus
1309 1597 1428 1639 nobis
1449 1597 1500 1639 de
1522 1597 1828 1652 omnipotentia

261 1671 346 1713 Dei
373 1670 625 1713 incredibile
653 1669 741 1711 dici
770 1669 951 1725 aliquid,
981 1684 1076 1711 cuni
1104 1667 1266 1709 dicitur
1294 1666 1478 1709 Verbum
1500 1665 1593 1714 Dei,
1612 1681 1693 1721 per
1715 1665 1827 1721 quod

262 1742 408 1784 omnia
428 1741 559 1797 facta
590 1746 699 1790 sunt,
727 1740 788 1782 sic
814 1740 1096 1794 desumpsisse
1122 1753 1276 1794 corpus
1307 1753 1356 1779 esc
1382 1737 1659 1793 'uirqine...ut
1681 1752 1708 1778 a
1729 1737 1828 1778 sinu

262 1811 428 1860 Patris,
450 1811 498 1852 id
520 1814 580 1853 est
603 1825 629 1852 a
651 1816 819 1860 secreto,
841 1826 920 1866 quo
943 1825 1038 1852 cuni
1059 1809 1135 1851 illo
1158 1815 1195 1851 et
1216 1809 1261 1850 in
1283 1808 1361 1850 illo
1391 1814 1460 1858 est,
1486 1823 1568 1850 non
1600 1807 1826 1850 recesserit.

262 1880 281 1939 ἓ
304 1884 359 1923 10
382 1881 406 1922 f.
430 1881 551 1923 honio
573 1881 731 1936 quippe
751 1880 840 1922 Deo
863 1881 1047 1925 accessit,
1073 1895 1152 1922 non
1177 1880 1291 1921 Deus
1313 1894 1341 1920 a
1361 1893 1404 1920 se
1424 1878 1603 1921 recessit.

198 1972 242 2003 25
353 1966 392 2007 p.
418 1950 472 1992 70
502 1951 525 1992 l.
560 1953 586 1990 4
621 1961 1011 1991 PRAEDICABATVR
1045 1965 1077 1991 c.
1114 1952 1167 1991 18
1198 1964 1236 2005 p.
1268 1951 1323 1990 58
1354 1949 1378 1990 l.
1412 1947 1463 1990 17
1501 1964 1605 2004 quos
1636 1947 1829 1989 dixi-mus

258 2020 581 2076 praedicatores
620 2019 855 2075 prophetae
896 2019 948 2062 de
987 2019 1119 2075 officio
1157 2017 1401 2074 praefandi
1440 2023 1657 2060 uocantur.
1732 2017 1828 2058 infr.

264 2107 302 2148 p.
329 2091 383 2133 70
406 2091 430 2133 l.
456 2094 510 2132 18
532 2091 807 2144 manifestius
833 2090 1138 2146 praedicatam
1169 2095 1353 2145 sperant.
1416 2088 1512 2130 infr.
1535 2103 1574 2144 p.
1600 2088 1652 2129 72
1677 2088 1701 2129 l.
1725 2090 1751 2129 8
1780 2087 1828 2129 id

264 2177 392 2217 saper
428 2160 592 2203 Christo
632 2160 937 2216 praedicatum
969 2176 1054 2203 non
1086 2161 1282 2203 scierunt.
1346 2159 1412 2201 De
1447 2158 1554 2214 Fug.
1588 2158 1633 2199 in
1664 2158 1828 2199 Perseo.

267 2234 291 2274 6
344 2247 379 2273 a.
423 2247 477 2272 m.
528 2231 677 2287 atquin
722 2232 1034 2287 persecutiones
1085 2246 1152 2273 eos
1203 2245 1412 2287 passuros
1457 2228 1740 2285 praedicabat
1791 2234 1830 2270 et

202 2320 246 2350 30
266 2303 513 2345 tolerandas
553 2302 736 2344 docebat.
800 2305 852 2343 12
895 2318 933 2359 p.
977 2318 1031 2344 m.
1067 2302 1378 2358 persecutiones
1423 2299 1703 2355 praedicatas
1745 2313 1828 2340 non

260 2378 548 2428 praecaneret.
633 2372 745 2413 Adu.
789 2371 884 2413 Iud.
931 2374 983 2413 13
1026 2387 1087 2428 pr.
1129 2372 1266 2426 iqitur
1306 2371 1508 2426 quoniam
1551 2369 1643 2424 filii
1682 2368 1829 2410 Israel

267 2444 497 2499 affirmant,
519 2458 594 2484 nos
622 2458 771 2485 errare
799 2443 1040 2498 recipiendo
1074 2442 1301 2489 Christum,
1324 2441 1399 2497 qui
1428 2441 1518 2482 iam
1552 2441 1676 2489 uenit,
1698 2454 1828 2494 prae-

266 2514 501 2556 scribamus
542 2514 602 2555 eis
644 2529 692 2555 eac
732 2514 841 2569 ipsis
881 2513 1122 2568 scripturis,
1153 2513 1245 2554 iam
1286 2512 1450 2553 uenisse
1493 2510 1723 2558 Christum,
1755 2509 1830 2565 qni

262 2584 612 2639 praedicabatur,
655 2584 854 2639 quamuis
896 2598 945 2625 ex
986 2582 1242 2638 temporibus
1284 2581 1482 2623 Danielis
1532 2579 1830 2635 praedicantis

202 2671 246 2702 35
262 2654 602 2709 probaueriinus,
625 2660 705 2696 cet.
768 2654 881 2695 Adu.
906 2654 1035 2695 Marc.
1059 2665 1108 2694 IV
1134 2656 1154 2694 1
1187 2668 1226 2709 p.
1250 2654 1334 2693 423
1358 2652 1382 2693 l.
1411 2651 1460 2693 17
1485 2666 1544 2706 sq.
1569 2650 1644 2691 Kr.
1707 2649 1827 2690 Lacb.

268 2723 368 2764 Diu.
392 2723 522 2765 Instt.
547 2735 596 2764 IV
621 2726 674 2764 12
697 2722 717 2780 ᾗ
739 2726 764 2765 3
787 2723 896 2765 cites
924 2723 1063 2779 psalm
1094 2724 1142 2763 of
1170 2722 1375 2764 Solomon
1397 2722 1494 2774 (nob
1524 2719 1657 2761 found
1684 2719 1829 2771 there)

271 2792 369 2847 [but
392 2792 427 2833 ib
449 2792 496 2841 is,
519 2808 564 2833 as
587 2808 649 2834 we
679 2793 805 2834 know
834 2808 943 2841 now,
965 2792 1010 2834 in
1040 2792 1116 2834 the
1149 2791 1313 2834 ‘Odes'
1346 2791 1393 2832 of
1421 2790 1626 2832 Solomon
1658 2791 1710 2831 19
1742 2804 1777 2830 ν.
1801 2790 1827 2831 6

268 2862 318 2903 A.
342 2862 415 2916 S.].
469 2862 523 2903 Is.
548 2873 616 2903 VII
649 2865 712 2904 14.
767 2862 841 2915 (Is.
873 2874 941 2903 VII
977 2864 1031 2903 10
1054 2876 1139 2917 seq.
1170 2861 1287 2902 cited
1320 2861 1376 2916 by
1411 2859 1539 2916 Cypr.
1562 2859 1678 2900 Tesb.
1704 2870 1738 2899 ΙΙ
1769 2860 1829 2912 9.)
