1975 3306
152 156 194 198 p.
223 144 302 184 128
324 142 352 186 1.
379 110 452 196 20]
677 142 1122 186 APOLOGETIOVS
1155 145 1211 185 46
1631 146 1712 187 437

151 273 306 314 supra
337 273 436 308 nos,
459 258 591 299 nihil
621 258 683 299 ad
709 273 809 299 nos.
869 259 1019 300 merito
1042 274 1139 314 ergyo
1162 259 1213 301 (le
1235 260 1408 301 oraculo
1430 260 1715 302 testimoniam

151 330 309 371 mer-ait
334 329 595 385 prudentiae
625 329 886 384 sinyalaris:
918 329 1029 385 qaod
1060 332 1295 381 oraculum,
1327 331 1441 373 idem
1470 331 1560 387 ipse
1587 345 1714 387 prae-

150 400 290 449 sensit,
312 400 472 441 idcirco
508 400 719 441 uniuersis
751 415 836 442 esse
865 401 1175 456 praepositam,
1197 416 1281 443 ozon
1306 402 1416 457 qaod
1439 402 1583 444 omnia
1606 416 1714 444 com-

146 470 338 525 perisset,
373 469 445 511 sed
478 469 588 524 quod
618 470 731 510 nihil
762 485 804 511 se
837 470 946 512 scire
968 470 1197 513 didicisset.
1260 471 1316 513 ib.
1344 474 1398 514 38
1428 470 1447 529 ξ
1479 471 1502 513 7
1531 471 1715 527 proinde

150 539 345 582 Socrates
365 554 519 581 scurra
535 539 707 581 Atticas
732 540 900 589 eciderit,
917 541 1026 582 nihil
1043 557 1084 583 se
1105 542 1213 583 scire
1235 542 1460 598 confessas,
1478 542 1713 585 testimonio
1734 558 1755 590 5

151 609 249 651 licet
284 609 577 665 fallacissimi
612 609 833 651 daemonis
866 611 1089 665 yloriosas.
1168 612 1363 654 Saluian.
1407 613 1473 655 De
1521 613 1713 655 Gubern.

152 679 237 721 Dei
269 691 338 720 VII
371 678 391 735 ξ
424 681 505 721 101
546 680 755 735 namqaid
796 696 879 722 iton
915 683 1260 737 sapientissimas
1296 685 1485 725 omnium
1519 683 1714 726 Socrates

149 765 317 805 semper
345 750 625 799 existimatus,
648 750 884 792 testimonio
913 752 1073 794 scilicet
1105 753 1234 794 etiam
1255 753 1453 808 Delphici
1484 753 1712 802 daemonis,

149 822 225 878 qai
250 822 374 877 quasi
395 821 600 877 princeps
625 821 993 877 philosophorum,
1015 823 1123 865 sicut
1144 823 1218 865 ille
1240 824 1563 865 daemoniorum
1591 825 1714 866 erat?

149 891 306 933 Iustin.
330 891 457 947 Apol.
480 902 495 931 1
527 894 566 932 5.
588 902 624 931 ΙΙ
658 893 709 932 11
745 906 967 947 compares
1001 892 1077 934 the
1109 892 1407 948 persecutions
1439 893 1487 934 of
1513 893 1713 935 Socrates
1734 912 1778 935 10

147 961 233 1003 and
266 962 313 1002 of
349 961 425 1002 the
469 959 730 1003 Christians.
792 960 933 1003 Valer.
967 961 1146 1003 Maxim.
1180 974 1234 1003 ΠΙ
1278 966 1303 1003 4
1336 968 1422 1004 ext.
1452 961 1471 1020 ξ
1504 966 1541 1004 1.
1603 962 1711 1004 Plin.

149 1032 268 1074 Hist.
290 1032 396 1073 Nat.
418 1043 487 1072 Vll
520 1046 552 1073 c.
585 1033 639 1072 34
670 1029 690 1088 ξ
723 1033 818 1072 120.
883 1031 991 1073 Plat.
1015 1032 1142 1088 Apol.
1174 1033 1237 1074 ed.
1266 1032 1410 1074 Adam
1442 1048 1511 1089 pp.
1545 1033 1647 1074 xxvi
1669 1033 1713 1074 ff.

147 1102 268 1159 Diog.
294 1102 438 1143 Laert.
456 1113 492 1142 Π
516 1101 581 1143 37.
606 1101 747 1144 Schol.
766 1101 990 1158 Aristoph.
1008 1102 1163 1144 Nubes
1182 1105 1277 1144 145.
1321 1103 1532 1146 Themist.
1550 1119 1589 1160 p.
1609 1101 1713 1145 27b0.

149 1174 262 1214 161⁰.

236 1258 276 1299 p.
312 1244 395 1284 128
433 1242 461 1283 l.
496 1244 549 1284 19
593 1241 792 1283 Lactant.
827 1253 859 1282 V
898 1245 952 1283 14
989 1240 1008 1299 ξ
1042 1244 1096 1283 14
1132 1242 1331 1285 Socrates
1375 1242 1557 1298 iieyabat
1604 1242 1711 1285 deos.
1733 1261 1776 1294 15

147 1313 306 1354 Iustin.
343 1313 470 1369 Apol.
504 1324 520 1353 Ι
551 1314 617 1362 61,
656 1312 857 1354 Socrates
889 1312 975 1353 and
1014 1313 1277 1363 Heraclitus,
1313 1313 1482 1370 though
1514 1313 1712 1363 atheists,

147 1397 257 1424 were
299 1382 345 1424 in
394 1382 519 1424 truth
566 1381 826 1431 Christians,
870 1398 916 1423 as
965 1382 1071 1439 they
1113 1382 1229 1424 lived
1274 1382 1505 1439 according
1546 1389 1591 1425 to
1633 1383 1709 1424 the

147 1452 300 1509 Leges.
366 1451 639 1494 Indictment
672 1452 846 1509 against
879 1452 1079 1495 Socrates
1111 1453 1249 1494 below
1280 1454 1307 1494 l.
1338 1455 1393 1494 34
1416 1468 1455 1494 n.
1518 1454 1570 1495 ef.
1598 1453 1708 1495 Xen.

145 1524 380 1565 Mernorab.
420 1535 435 1564 Ι
475 1526 512 1564 1.
584 1522 703 1579 Orig.
741 1530 874 1565 contr.
912 1524 1022 1566 Cels.
1055 1535 1105 1564 IV
1144 1523 1211 1566 67.
1278 1523 1437 1565 Iustin.
1473 1524 1597 1580 Apol.
1632 1536 1647 1565 Ι
1683 1527 1707 1566 5

144 1611 184 1652 p.
208 1597 287 1637 552.
315 1607 350 1636 ΙΙ
381 1597 435 1637 10
458 1610 496 1650 p.
520 1593 609 1636 48⁶1.
670 1594 829 1636 Aelian
851 1595 952 1636 Var.
975 1595 1091 1637 Hist.
1116 1607 1151 1636 ΙΙ
1176 1598 1229 1637 13
1252 1595 1359 1637 with
1384 1595 1645 1637 Perizonius'
1667 1611 1707 1636 n.
1729 1617 1774 1639 20

145 1664 357 1706 Themist.
379 1662 487 1706 313d
507 1665 709 1721 general:
742 1664 963 1706 Wetstein
986 1680 1041 1706 on
1062 1665 1171 1707 Acts
1195 1664 1248 1707 17
1276 1668 1340 1707 18.
1391 1665 1477 1707 Dio
1500 1665 1620 1708 Cass.
1642 1677 1706 1707 LII

146 1737 201 1778 36
237 1733 257 1792 S
291 1738 315 1776 2
355 1737 486 1778 καινά
521 1753 619 1777 τινα
650 1734 1277 1792 δαιμόνια..,ἀντεσφέροντεςκ
1339 1736 1617 1778 Bornemann
1652 1752 1705 1778 on

145 1805 257 1847 Xen.
277 1805 404 1861 Apol.
428 1807 482 1846 10
505 1820 547 1861 p.
568 1807 624 1847 48
651 1805 715 1847 ed.
741 1807 869 1848 1824.
929 1806 1175 1848 Theodoret
1208 1806 1355 1848 Graec.
1379 1806 1534 1848 Affect.
1558 1806 1704 1849 Curat.

144 1888 215 1918 VII
236 1874 256 1933 ξ
276 1876 330 1917 47
354 1891 395 1932 p.
419 1878 501 1919 109
525 1875 579 1918 47
604 1876 690 1931 ἐγὼ
713 1876 756 1918 δὲ
781 1876 902 1931 οἶμαι
926 1877 999 1919 καὶ
1023 1873 1265 1934 Σωκράτην
1287 1876 1364 1920 τὸν
1386 1874 1706 1934 Σωφρονίσκου

146 1945 221 1989 τὸν
245 1945 522 2002 ἀλεκτρύονα
546 1946 683 1988 θῦσαι
710 1946 916 1996 κελεύειν,
939 1946 1007 1988 ἵνα
1032 1945 1112 2000 τὴν
1134 1946 1232 1988 κατ’
1257 1947 1394 1989 αὐτοῦ
1415 1946 1706 2001 ’γεγενημένην
1726 1969 1769 2000 25

147 2015 348 2072 διελέὙξῃ
387 2015 580 2071 Ύραφήν.
642 2016 947 2072 ἐγραψάσθην
993 2016 1079 2071 ’γὰρ
1123 2016 1259 2059 αὐτὸν
1297 2017 1486 2062 ”Ανυτο’ς
1529 2035 1578 2059 τε
1631 2019 1704 2060 καὶ

148 2084 373 2137 Μέλητος,
397 2086 453 2130 ὡς
477 2085 587 2128 εἶναι
611 2084 735 2131 θεοὺς
758 2086 808 2128 οὐ
832 2085 1028 2138 νομίζων.

232 2170 271 2211 p.
289 2157 371 2196 128
394 2155 419 2197 l.
436 2157 490 2197 20
505 2167 617 2197 ODIO
631 2155 804 2197 Ashton
821 2156 871 2197 ef.
888 2155 911 2197 7
928 2171 1023 2197 cam
1037 2156 1134 2197 odio
1152 2156 1221 2197 sai
1238 2156 1371 2211 coepit
1383 2157 1558 2205 ueritas,
1572 2157 1703 2198 simul

145 2232 269 2282 atque
291 2226 510 2281 apparuit,
533 2226 714 2268 inimica
736 2241 829 2268 esse.
891 2241 925 2267 c.
945 2227 998 2266 14
1016 2241 1055 2281 p.
1079 2228 1134 2267 48
1158 2226 1181 2267 l.
1197 2228 1250 2268 31
1277 2226 1455 2268 Hieron.
1479 2227 1624 2282 [epist.
1647 2229 1702 2270 40

142 2295 163 2353 ξ
185 2299 223 2337 1.
283 2296 333 2337 A.
354 2295 416 2350 S.]
439 2295 490 2337 de
513 2295 654 2338 Onaso
686 2296 749 2337 ita
779 2311 822 2338 se
852 2302 1012 2338 'natura
1041 2296 1172 2345 habet,
1195 2302 1241 2337 ut
1274 2311 1432 2338 amara
1452 2297 1508 2338 sit
1530 2298 1699 2339 ueritas.
1722 2315 1768 2347 30

143 2365 332 2408 Cassiod.
355 2365 496 2406 Amic.
518 2367 573 2405 24
595 2366 652 2418 (2)
667 2366 925 2421 plerumque
945 2366 1122 2407 molesta
1143 2372 1202 2407 est
1234 2366 1400 2407 ueritas.
1466 2366 1612 2418 Sidon.
1636 2382 1700 2423 ep.

144 2435 205 2477 vii
223 2435 245 2476 7
269 2433 289 2491 ξ
311 2438 336 2475 4
355 2435 550 2476 ueritatis
571 2435 797 2489 asperitas.
860 2435 1058 2476 Lactant.
1083 2447 1113 2476 V
1137 2437 1161 2477 9
1184 2433 1203 2491 ξ
1226 2437 1250 2477 6
1273 2435 1399 2476 liuius
1422 2436 1532 2477 tanti
1553 2442 1591 2478 et
1611 2443 1701 2478 tam

137 2505 375 2561 pertinacis
398 2504 488 2545 odii
505 2518 636 2558 qaam
652 2504 925 2558 potissimum
943 2519 1118 2546 causam
1141 2519 1226 2546 esse
1247 2504 1473 2546 dicamas?
1502 2511 1701 2548 utrumne

143 2574 343 2617 ueritas
386 2573 556 2614 odium
591 2573 741 2629 parit,
773 2580 819 2614 ut
851 2575 916 2615 ait
950 2580 1078 2629 poeta
1109 2575 1234 2629 qaasi
1265 2575 1413 2616 diuino
1444 2576 1603 2630 spirita
1634 2577 1699 2617 in—

141 2645 343 2687 stinctus?
375 2646 426 2684 21
451 2641 471 2699 S
495 2646 516 2683 1
546 2658 624 2684 non
659 2658 757 2698 erqo
787 2643 882 2684 ideo
914 2643 1123 2685 aduersas
1154 2659 1228 2686 izos
1258 2644 1491 2693 insaniant,
1523 2646 1625 2700 qaia
1653 2645 1701 2687 di
1720 2662 1764 2694 35

141 2729 225 2756 ‘non
262 2713 457 2756 coluntar
493 2727 520 2753 a
553 2712 691 2762 nobis;
740 2727 767 2753 a
802 2713 948 2754 maltis
982 2713 1095 2754 enim
1130 2728 1213 2754 non
1254 2713 1460 2763 coluntur,
1491 2714 1564 2756 sed
1596 2715 1700 2770 quia

141 2784 304 2825 ueritas
334 2797 458 2837 penes
478 2796 553 2823 iios
575 2787 644 2831 est,
666 2796 772 2836 qaae
793 2782 859 2835 (ut
880 2788 939 2823 est
961 2782 1179 2824 uerissime
1202 2782 1382 2836 dictam)
1404 2782 1548 2824 odium
1564 2785 1700 2838 parit.

144 2852 259 2909 Epit.
285 2854 340 2894 64
360 2850 380 2908 g
403 2851 470 2893 17.
531 2851 648 2893 Socr.
671 2850 786 2893 Hist.
811 2852 921 2893 Eccl.
947 2853 971 2893 6
993 2852 1124 2907 praef.
1147 2850 1166 2908 ξ
1188 2854 1212 2894 6
1236 2851 1286 2894 τὸ
1310 2852 1471 2905 ἀληθὲς
1494 2853 1662 2909 πικρόν.
