1975 3306
302 169 387 209 326
877 166 1283 209 TERTVLLIANI
1540 168 1600 225 [p.
1627 166 1728 209 841.
1759 167 1866 207 14—

306 288 364 324 est
406 281 643 324 concedatis
684 295 768 322 esse
814 280 1002 336 aliquem
1050 281 1338 324 sublimiorem
1385 282 1511 324 deum
1552 289 1589 325 et
1630 281 1869 337 mancipem

307 351 519 407 quendam
541 350 802 400 diuinitatis,
825 351 902 406 qui
929 365 979 392 ea·
1000 350 1239 393 hominibus
1261 351 1357 394 deos
1367 352 1535 408 fecerit.
1598 351 1727 408 Apul.
1743 350 1868 406 Apol.

307 437 338 463 e.
364 423 419 463 64
444 420 559 463 idem
580 419 803 461 Maximus
829 420 985 476 optime
1012 421 1231 476 intelleyit,
1254 427 1301 463 ut
1326 421 1377 463 de
1404 422 1574 464 nomine
1602 422 1731 464 etiam
1754 420 1870 462 uobis

311 491 597 547 respondeam,
631 491 828 547 quisnam
859 491 916 532 sit
946 491 1031 541 ille,
1062 507 1144 533 non
1179 506 1206 533 a
1241 506 1306 534 me
1336 493 1495 548 primo,
1525 492 1598 535 sed
1629 507 1657 534 a
1688 491 1872 533 Platone

307 561 529 612 βασιλεύς
550 561 1022 615 nuncupatus,...totius
1054 576 1199 603 rerum
1228 567 1409 603 naturae
1431 577 1562 604 causa
1584 567 1622 603 et
1643 562 1766 610 ratio,
1789 566 1870 603 cet.

309 631 469 672 Arnob.
494 629 666 686 passim.

399 718 436 758 p.
461 703 517 743 84
540 701 564 743 l.
589 700 640 742 17
667 712 811 742 PENES
834 712 967 742 VNVM
994 701 1160 743 Keim's
1182 701 1336 744 Celsus
1358 717 1396 758 p.
1425 704 1517 744 135.

399 787 438 828 p.
472 772 528 813 84
560 770 584 812 l.
621 772 674 811 18
718 769 842 811 Plato
884 770 1064 812 Phacdr.
1100 773 1202 813 246Ε
1245 769 1265 813 ὁ
1308 771 1387 822 μὲν
1429 770 1480 825 δὴ
1522 770 1658 825 μέγας
1699 769 1873 824 ἡγεμὼν

314 844 358 885 ἐν
402 842 572 898 οὐρανῷ
616 840 737 891 Ζεύς,
770 839 968 883 ἐλαύνων
1014 841 1182 893 πτηνὸν
1225 840 1360 896 ἅρμα,
1405 844 1580 897 πρῶτος
1625 840 1873 897 πορεύεται,

249 931 293 954 10
314 912 569 963 διακοσμῶν
605 910 756 953 πάντα
800 911 873 953 καὶ
917 910 1277 965 ἐπιμελούμενος·
1332 914 1393 969 τῷ
1426 909 1461 954 δ’
1494 912 1649 954 ἕπεται
1682 909 1875 965 στρατιὰ

315 983 425 1025 θεῶν
467 999 515 1024 τε
552 980 627 1023 καὶ
670 979 901 1034 δαιμόνων,
935 981 1052 1023 κατὰ
1084 981 1234 1024 ἕνδεκα
1267 981 1376 1037 μέρη
1410 980 1729 1034 κεκοσμημένη.
1792 981 1873 1022 Ar-

314 1054 411 1095 nob.
435 1064 487 1093 111
512 1053 568 1093 30
590 1052 615 1092 f.
641 1066 742 1092 nam
763 1051 868 1106 quid
900 1052 950 1094 de
981 1052 1073 1108 ipso
1106 1053 1295 1095 dicemus
1325 1053 1441 1102 Ioue,
1476 1068 1596 1108 quem
1628 1052 1758 1094 solem
1789 1066 1875 1093 esse

316 1124 568 1166 dictitauere
607 1121 830 1177 sapientes,
864 1122 1099 1177 ayitante‘m
1126 1123 1330 1179 pinnatos
1372 1139 1534 1173 currus,
1577 1123 1703 1165 turba
1739 1136 1875 1164 conse-

316 1199 460 1249 quente
482 1192 715 1233 diuorum?
775 1192 824 1233 cf.
848 1194 902 1234 34
926 1192 951 1234 f.

254 1281 295 1313 15
405 1278 443 1319 p.
469 1264 524 1304 84
546 1262 569 1303 l.
596 1263 650 1304 20
672 1273 847 1303 SVSPICI
871 1277 902 1304 c.
928 1265 981 1303 18
1005 1278 1043 1319 p.
1060 1265 1115 1304 58
1138 1264 1161 1306 l.
1181 1265 1248 1306 33.
1272 1279 1304 1306 c.
1323 1265 1378 1305 32
1402 1263 1612 1305 iudicium
1635 1262 1717 1304 Dei
1738 1262 1875 1317 suspi-

319 1336 453 1377 cimus
475 1334 520 1375 in
541 1332 882 1389 imperatoribus.
944 1334 1105 1376 Arnob.
1129 1346 1198 1375 VII
1224 1337 1273 1375 11
1309 1334 1568 1390 efficiturque
1604 1340 1646 1376 ut
1681 1333 1879 1375 uideatur

322 1420 501 1460 maynus
522 1419 644 1460 quem
665 1404 871 1459 suspectio
892 1405 1074 1446 minoris
1096 1405 1304 1448 eatulerit.

407 1491 445 1532 p.
490 1477 545 1516 84
588 1475 612 1516 l.
658 1473 710 1515 27
755 1485 1023 1516 LACVNARIA
1067 1477 1123 1516 40
1165 1476 1190 1517 f.
1245 1475 1409 1518 caelum
1453 1475 1572 1530 apud
1615 1475 1877 1530 Capitolium

319 1547 536 1603 quaeritis,
569 1545 718 1587 'nubila
750 1546 801 1588 de
833 1546 1108 1602 laquearibus
1140 1547 1378 1603 eoepectatis.

258 1634 302 1657 20
410 1627 542 1657 HIRCI
565 1615 730 1657 Lucian
753 1615 819 1657 bis
841 1631 924 1658 acc.
950 1619 1013 1658 10.

411 1702 449 1742 p.
483 1687 538 1727 84
570 1686 594 1727 l.
630 1688 683 1727 28
716 1697 926 1727 ELOGIVM
957 1701 990 1728 c.
1025 1689 1049 1728 2
1082 1703 1120 1743 p.
1158 1689 1182 1729 6
1216 1688 1240 1729 l.
1275 1689 1341 1729 23.
1404 1687 1470 1728 De
1509 1687 1656 1728 Idolol.
1693 1690 1712 1727 1
1754 1702 1792 1742 p.
1826 1688 1880 1727 30

323 1758 347 1798 l.
381 1759 406 1797 8
445 1756 571 1799 Wiss.
632 1756 699 1798 Dc
734 1756 828 1799 Cor.
862 1756 990 1798 Milit.
1026 1759 1050 1798 5
1090 1758 1113 1799 f.
1148 1756 1331 1799 Ochler:
1370 1756 1445 1798 the
1479 1755 1736 1812 inscription
1770 1770 1824 1796 on
1858 1771 1883 1796 a

324 1832 497 1873 statu&
528 1841 553 1866 a
585 1825 702 1867 brief
728 1841 950 1882 summary
973 1826 1020 1868 of
1047 1826 1122 1867 the
1154 1841 1250 1867 case
1279 1825 1453 1881 against]
1482 1840 1507 1866 a
1528 1825 1723 1881 prisoner
1745 1825 1883 1880 (eli90‚

324 1897 373 1938 cf.
416 1897 557 1951 toya);
609 1895 730 1945 brief,
780 1895 984 1946 minutos,
1028 1896 1244 1952 pr0t00013
1285 1896 1443 1951 charge
1485 1910 1539 1936 on
1588 1895 1882 1951 police-shee'n.

262 1986 304 2018 25
325 1967 375 2009 cf.
418 1966 655 2008 Neumann
689 1978 703 2007 1
737 1968 792 2008 33
824 1982 864 2008 n.
900 1970 935 2009 1.
999 1967 1187 2008 Perizon.
1222 1982 1276 2008 on
1308 1966 1400 2007 Ael.
1434 1966 1531 2008 Var.
1560 1965 1675 2007 Hist.
1702 1977 1787 2006 XIV
1814 1968 1883 2008 43.

326 2037 511 2080 casaub.
534 2052 588 2078 on
613 2037 783 2080 Vulcat.
808 2037 916 2079 Gall.
942 2037 1057 2079 Hist.
1082 2037 1193 2093 Aug.
1219 2049 1233 2078 Ι
1258 2037 1354 2078 470.

414 2117 690 2148 CONCVRRAT
721 2122 752 2149 c.
778 2109 832 2148 23
854 2122 951 2163 pan.

414 2192 453 2233 p.
487 2179 543 2217 84
575 2177 598 2218 l.
633 2179 688 2217 30
733 2188 909 2218 coLERE
948 2188 1077 2226 QVEM
1116 2188 1261 2218 VELIM
1299 2191 1330 2217 c.
1366 2178 1420 2217 ‘28
1453 2175 1546 2217 init.
1609 2175 1663 2216 ad
1701 2175 1824 2230 Scap.
1859 2177 1882 2215 2

328 2263 387 2304 pr.
411 2247 590 2288 humani
620 2247 732 2288 iuris
753 2253 790 2288 et
810 2248 1030 2289 ‘naturalis
1054 2247 1276 2303 potestatis
1297 2253 1354 2288 est
1380 2247 1601 2302 unicuique
1629 2245 1739 2301 quod
1756 2251 1884 2300 puta-

265 2339 309 2369 30
332 2319 439 2360 uerit
462 2318 593 2360 colere
614 2333 686 2359 nec
715 2318 798 2358 alii
830 2317 937 2359 obest
968 2323 1043 2359 aut
1072 2317 1243 2373 prodest
1275 2317 1455 2359 alterius
1489 2316 1647 2371 reliyio.
1711 2315 1783 2357 sed
1814 2330 1886 2357 nec

332 2388 548 2443 reliyionis
577 2394 636 2430 est
663 2403 806 2443 coyere
837 2388 1098 2443 reliyionem,
1121 2403 1231 2443 quae
1261 2393 1404 2443 sponte
1435 2386 1595 2442 suscipi
1625 2386 1782 2436 debeat,
1804 2402 1887 2428 non

333 2460 402 2508 ui;
439 2474 532 2500 cum
565 2465 602 2500 et
633 2458 794 2500 hostiae
819 2459 870 2500 ab
897 2460 1041 2500 animo
1069 2458 1216 2500 libenti
1241 2458 1566 2514 echostulentur.
1628 2458 1693 2498 ita
1715 2458 1792 2499 etsi
1815 2472 1887 2499 nos

331 2529 623 2584 compuleritis
645 2530 703 2571 ad
723 2529 1072 2585 sacrificandum,
1095 2529 1205 2570 nihil
1232 2529 1510 2585 praestabitis
1532 2528 1600 2570 dis
1623 2528 1775 2569 uestris
1791 2543 1803 2576 ,¹
1835 2527 1886 2569 ab

332 2599 480 2640 inuitis
510 2599 621 2640 enim
653 2599 870 2654 sacrificia
901 2614 980 2640 non
1008 2599 1317 2648 desiderabunt,
1343 2599 1427 2640 nisi
1453 2601 1491 2640 si
1517 2597 1760 2640 contentiosi
1779 2603 1886 2639 sunt.

268 2685 311 2716 35
332 2667 449 2709 Lact.
482 2667 583 2710 Diu.
616 2668 745 2710 Insbt.
770 2680 799 2708 V
834 2670 887 2710 19
919 2666 1014 2725 §23
1047 2683 1147 2709 'nam
1185 2668 1224 2709 si
1259 2668 1477 2723 sanquine,
1513 2668 1552 2709 si
1588 2666 1814 2714 tormentis,
1849 2666 1887 2707 si

334 2737 443 2778 malo
479 2737 726 2792 reliyionem
758 2737 982 2793 defendere
1016 2737 1130 2785 uelis,
1162 2737 1254 2778 iam
1287 2752 1367 2778 non
1404 2736 1653 2793 defendetur
1688 2736 1782 2785 illa,
1814 2735 1887 2777 sed

329 2807 542 2862 polluetur
585 2813 707 2863 atque
753 2807 996 2849 uiolabitur.
1059 2806 1169 2848 nihil
1211 2812 1270 2848 est
1312 2807 1425 2849 enim
1463 2813 1552 2848 tam
1588 2805 1886 2847 uoluntarium

332 2892 460 2932 quum
485 2877 645 2932 reliyio,
668 2878 714 2918 in
736 2893 820 2933 qua
841 2878 880 2919 si
909 2878 1080 2919 animus
1101 2877 1387 2932 sacrificantis
1408 2890 1586 2918 auersus
1602 2881 1670 2925 est,
1684 2875 1776 2916 iam
1793 2875 1887 2916 sub-
