1975 3306
239 155 293 193 30
820 153 1226 195 TERTVLLIANI

236 269 501 311 candelabra
538 274 582 311 et
616 269 819 310 lucernae
854 274 900 311 et
935 283 1064 311 canes
1100 269 1235 325 aliqui
1272 275 1316 311 et
1351 270 1524 321 offulae,
1563 285 1679 326 quae
1710 271 1806 313 illos

236 350 294 392 ad
330 351 599 392 euersionem
633 350 851 391 luminum
887 350 1154 392 extendant:
1207 355 1312 392 ante
1346 351 1494 392 omnia
1520 365 1629 412 ‘cum
1664 358 1806 394 matre

238 437 282 472 et
319 446 464 473 sorore
501 437 579 473 tua
617 432 765 472 uenire
802 431 994 472 debebis.
1059 431 1186 482 Quid,
1225 432 1260 473 si
1298 432 1518 474 noluerint
1554 432 1623 474 uel
1660 433 1806 475 nullae

237 512 428 554 fuerint?
470 513 576 568 quid
598 512 787 567 denique
807 513 1047 568 singulares
1069 513 1331 554 Christiani?
1395 513 1496 554 Non
1518 514 1611 564 erit,
1636 514 1803 569 opinor,

235 594 457 649 legitimus
491 594 764 636 Christianus
796 595 878 635 nisi
912 595 1047 636 frater
1080 600 1159 636 aut
1191 594 1318 636 filius.
1381 594 1496 644 Quid
1528 610 1658 646 nune,
1694 601 1738 637 et
1770 596 1805 637 si
1826 607 1846 639 5

235 676 322 717 ista
351 676 499 717 omnia
526 676 687 731 ignaris
715 677 1063 732 praeparantur?
1128 676 1253 718 Certe
1281 682 1435 732 postea
1463 682 1733 733 cognoscunt
1762 683 1807 719 et

236 754 458 796 sustinent
503 760 548 796 et
591 755 838 810 ignoscunt.
901 755 1077 796 Timent
1122 755 1267 810 plecti,
1315 756 1350 797 si
1396 756 1681 810 proclament,
1730 756 1805 810 qui

236 832 413 874 defendi
445 831 743 883 merebuntur,
778 833 852 888 qui
885 833 1019 874 etiam
1050 833 1166 875 ultro
1199 834 1337 888 perire
1368 834 1526 875 malint
1557 848 1691 889 quam
1723 834 1804 875 sub

235 910 315 951 tali
356 910 623 951 conscientia
663 911 824 952 uiuere.
886 911 978 966 Age
1017 925 1135 952 nunc
1175 912 1376 962 timeant,
1419 925 1495 952 cur
1535 911 1670 953 etiam
1710 926 1803 966 per-

234 989 468 1029 seuerant?
532 988 739 1043 Sequitur
774 989 902 1039 enim,
939 1004 993 1030 ne
1027 989 1143 1031 ultra
1177 989 1285 1031 uelis
1317 989 1363 1031 id
1397 995 1441 1031 te
1476 1004 1566 1031 esse
1600 989 1732 1044 quod,
1769 990 1803 1031 si
1830 1008 1871 1030 ιο

236 1067 357 1122 prius
387 1067 551 1115 scisses,
585 1081 673 1107 non
704 1066 872 1108 fuisses.

321 1213 364 1255 9.
424 1213 547 1254 Haec
584 1228 671 1268 quo
708 1214 846 1269 magis
882 1213 1181 1264 refutauerim,
1220 1229 1245 1255 a
1281 1213 1408 1255 uobis
1443 1213 1534 1255 fieri
1571 1213 1802 1255 ostendam

236 1292 399 1346 partim
430 1292 475 1332 in
507 1297 674 1346 aperto,
708 1292 871 1346 partim
902 1292 948 1332 in
979 1291 1165 1342 occulto,
1199 1306 1275 1347 per
1307 1291 1425 1346 quod
1457 1291 1642 1333 forsitan
1674 1297 1719 1333 et
1749 1292 1803 1333 de

234 1370 362 1426 nobis
404 1370 661 1412 credidistis.
724 1370 924 1411 Infantes
965 1384 1097 1424 penes
1137 1369 1331 1411 Africam
1374 1369 1564 1411 Saturno
1604 1370 1802 1411 immola-

239 1449 400 1490 bantur
438 1449 586 1504 palam
625 1463 764 1503 usque
803 1448 859 1490 ad
898 1447 1259 1503 proconsulatum
1299 1447 1471 1498 Tiberii,
1513 1448 1588 1502 qui
1627 1448 1802 1489 eosdem
1827 1464 1867 1496 15

235 1527 484 1568 sacerdotes
527 1527 571 1568 in
616 1526 779 1568 eisdem
822 1525 1052 1567 arboribus
1095 1525 1249 1580 templi
1291 1525 1358 1566 sui
1401 1525 1804 1567 obumbratricibus

235 1605 446 1646 scelerum
466 1605 630 1646 uotiuis
651 1604 851 1655 crucibus
872 1604 1088 1659 exposuit,
1111 1609 1224 1645 teste
1244 1603 1400 1645 militia
1421 1604 1590 1658 patriae
1610 1609 1799 1653 nostrae,

236 1698 350 1738 quae
377 1683 422 1725 id
449 1683 595 1738 ipsum
623 1697 783 1724 munus
810 1683 871 1724 illi
900 1682 1148 1738 proconsuli
1176 1682 1330 1724 functa
1359 1688 1437 1723 est.
1499 1681 1584 1723 Sed
1613 1688 1657 1723 et
1684 1697 1801 1723 nunc

234 1761 280 1803 in
303 1762 475 1803 occulto
500 1766 804 1816 perseueratur
827 1760 909 1802 hoc
931 1775 1105 1801 sacrum
1127 1760 1310 1802 facinus.
1372 1760 1472 1801 Non
1495 1760 1574 1801 soli
1597 1775 1676 1801 uos
1700 1774 1798 1801 con-

233 1847 444 1883 temnunt
471 1841 719 1891 Christiani,
749 1855 829 1882 nec
857 1841 994 1882 ullum
1022 1841 1161 1882 scelus
1187 1841 1232 1882 in
1260 1846 1524 1896 perpetuum
1553 1840 1800 1882 eradicatur
1821 1857 1866 1880 20

232 1926 314 1961 aut
336 1934 476 1961 mores
497 1934 598 1961 suos
619 1919 754 1974 aliqui
776 1919 883 1964 deus
904 1924 1064 1960 mutat.
1127 1919 1236 1960 Cum
1257 1919 1442 1974 propriis
1463 1918 1561 1960 filiis
1583 1918 1806 1960 Saturnus

234 2014 323 2040 non
344 1999 551 2054 pepercit,
577 1998 795 2040 extraneis
816 1998 970 2053 utique
990 2013 1079 2039 non
1100 1998 1319 2054 parcendo
1341 1997 1664 2053 perseuerabat,
1690 2012 1799 2052 quos

235 2077 414 2132 quidem
436 2077 519 2132 ipsi
543 2082 747 2132 parentes
771 2077 836 2117 sui
861 2076 1106 2118 offerebant
1129 2082 1174 2118 et
1196 2076 1381 2118 libentes
1405 2076 1732 2132 respondebant
1755 2081 1799 2117 et

233 2155 481 2196 infantibus
520 2154 876 2205 blandiebantur,
918 2169 972 2195 ne
1011 2154 1291 2196 lacrimantes
1330 2154 1676 2195 immolarentur.
1738 2154 1818 2195 Et·

235 2237 386 2273 tamen
404 2233 594 2274 multum
612 2232 846 2274 homicidio
863 2233 1145 2288 parricidium
1162 2232 1323 2274 differt.
1384 2231 1522 2273 Maior
1539 2237 1661 2273 aetas
1677 2232 1795 2288 apud
1820 2251 1836 2273 2
1842 2251 1862 2282 5

235 2309 382 2351 Gallos
405 2310 616 2351 Mercurio
639 2315 906 2365 prosecatur.
953 2308 1167 2352 'Remitto
1190 2310 1362 2352 fabulas
1385 2310 1590 2352 Tauricas
1612 2310 1796 2352 theatris

231 2388 334 2429 suis.
396 2389 508 2429 Ecce
536 2389 581 2430 in
609 2389 681 2430 illa
710 2388 1030 2443 religiosissima
1058 2388 1165 2430 urbe
1194 2389 1499 2430 Aeneadarum
1525 2388 1696 2443 piorum
1731 2394 1797 2429 est

235 2466 405 2521 Iupiter
437 2467 617 2522 quidam
650 2482 780 2522 quem
817 2467 931 2508 ludis
966 2467 1054 2508 suis
1088 2467 1281 2509 humano
1317 2468 1528 2523 sanguine
1570 2467 1793 2522 proluunt.

234 2543 319 2585 Sed
358 2544 565 2594 bestiarii,
605 2545 801 2599 inquitis.
862 2544 972 2595 Hoc,
1014 2545 1180 2600 opinor,
1221 2546 1366 2587 minus
1404 2560 1538 2600 quain
1577 2545 1791 2587 hominis?

231 2622 302 2663 An
327 2622 408 2663 hoc
431 2623 616 2677 turpius,
643 2623 762 2677 quod
786 2623 889 2664 mali
913 2623 1127 2665 hominis?
1171 2629 1287 2665 certe
1310 2629 1460 2665 tamen
1484 2623 1538 2665 de
1562 2623 1795 2665 homicidio
1819 2642 1863 2673 30

233 2700 447 2741 funditur.
511 2699 546 2741 O
588 2700 740 2741 Iouem
782 2701 1078 2742 Christianum
1119 2707 1164 2743 et
1203 2701 1344 2743 solum
1385 2701 1523 2757 patris
1563 2701 1701 2743 filium
1741 2702 1795 2743 de

234 2778 515 2820 crudelitate!
578 2779 662 2820 Sed
693 2780 901 2834 quoniam
933 2780 987 2821 de
1016 2779 1292 2821 infanticidio
1322 2780 1429 2821 nihil
1459 2780 1643 2821 interest
1672 2794 1793 2822 sacro

230 2870 290 2896 an
328 2855 508 2897 arbitrio
547 2862 835 2911 perpetretur,
875 2857 977 2898 licet
1014 2856 1295 2912 parricidium
1334 2856 1568 2898 homicidio
1604 2856 1791 2907 intersit,
