1975 3306
256 84 339 124 472
830 83 1237 124 TERTVLLIANI
1464 85 1523 139 [p.
1552 87 1633 125 142
1656 85 1683 127 l.
1709 87 1821 126 21—-

258 198 460 247 obnubito,
482 198 651 254 itffel'ici
672 199 819 241 arbori
842 206 947 241 reste
968 200 1228 254 suspendito.
1242 234 1269 242 ..
1295 201 1312 241 i
1333 201 1469 250 lictor,
1483 201 1639 257 colliya
1655 217 1819 244 manus.

259 268 476 309 Ammian.
502 269 672 310 Marcel.
704 281 789 310 XIV
820 272 842 310 7
873 268 893 326 ἓ
923 272 974 310 21
1008 260 1239 312 daliwi-um
1273 270 1466 326 leyitima
1497 272 1646 314 silente
1677 272 1820 328 defen-

257 339 383 387 sione,
426 339 624 394 carnifex
666 339 930 394 rapinarum
970 346 1190 395 sequester,
1232 348 1269 382 et
1312 341 1503 383 obductio
1546 342 1747 397 capitum,
1785 348 1822 384 et

259 408 460 450 bonorum
492 409 640 464 ubique
670 410 868 451 ‘multatio
912 410 1169 452 uersabatur
1196 426 1276 466 per
1308 412 1532 454 orientales
1561 413 1820 468 prouincias.

220 493 238 523 5
261 480 398 521 Blunt
432 479 571 535 Righta
603 479 694 522 Use
727 479 823 522 371.

348 565 385 606 p.
407 552 489 590 142
514 550 537 591 l.
555 552 608 591 22
632 562 740 591 AXIS
762 551 811 592 cf.
827 550 894 592 De
914 550 1060 592 Pudic.
1081 553 1134 592 22
1153 567 1191 608 p.
1212 552 1292 593 271
1315 552 1338 594 l.
1356 554 1409 593 23
1434 552 1559 594 Wiss.
1578 559 1689 608 puta
1710 568 1822 596 nuno

258 619 332 661 sub
344 620 491 675 {stadio
505 621 596 662 iam
610 620 744 676 capiti
759 621 927 670 librato,
936 627 1048 676 puta
1062 621 1109 662 in
1120 621 1317 676 patibulo
1333 622 1423 663 iam
1437 638 1610 678 corpore
1625 638 1821 679 eoepansa

254 697 365 747 puta
385 691 432 732 in
456 691 600 747 stipite
626 692 717 733 iam
747 692 857 733 leoni
886 707 1083 742 concesso,
1103 698 1212 748 puta
1239 693 1286 734 in
1313 708 1390 734 aoee
1416 693 1507 734 iam
1529 694 1723 736 incendio
1746 693 1824 736 ad-

259 767 426 810 structo,
443 762 489 803 in
507 762 614 818 ipsa,
631 762 976 811 clioo,seouritate
992 769 1030 804 et
1046 763 1308 818 possessione
1330 764 1547 819 martyrii.
1591 764 1705 806 Tert.
1724 779 1825 821 may

199 852 240 874 10
261 831 370 872 have
388 846 490 873 seen
507 831 613 873 such
631 832 960 893 spectacleffifor
982 832 1280 889 Martyrology
1295 834 1320 874 6
1338 832 1435 874 Jan.
1453 832 1510 874 In
1531 833 1694 890 Africa
1716 849 1824 876 com-

259 901 509 943 memoratio
525 902 824 957 plurimorum
845 908 1091 944 sanctorum
1110 908 1365 958 martyrum,
1382 903 1457 958 qui
1473 903 1516 944 in
1535 904 1826 959 persecutione

257 971 409 1013 Seueri
439 971 497 1013 ad
523 972 680 1027 palum
713 972 841 1027 liyati
871 972 968 1027 iyne
999 974 1238 1028 consumpti
1269 979 1376 1014 sunt.
1410 972 1473 1014 La
1500 973 1651 1016 Corda.
1706 974 1825 1016 Paul.

260 1042 380 1085 sent.
406 1054 433 1081 v
458 1044 512 1084 39
539 1045 574 1084 1.
890 1034 898 1042 ’

348 1123 571 1154 REVINCTI
616 1113 744 1154 Prud.
788 1113 926 1170 Agon.
970 1113 1116 1155 Fruct.
1160 1115 1216 1166 (=
1235 1113 1386 1155 Perist.
1431 1113 1578 1170 hymn.
1623 1116 1697 1169 10)
1742 1116 1825 1157 103

199 1199 391 1232 157164'13118
441 1184 620 1239 denique
662 1185 736 1240 qui
778 1200 932 1226 manus
978 1190 1191 1226 retrorsus
1232 1186 1275 1225 in
1312 1190 1476 1240 teryum
1519 1191 1828 1227 reuocauerant

259 1256 485 1298 reui'notas.
550 1255 712 1311 Hymn.
748 1257 772 1297 9
808 1258 862 1297 43
900 1256 1091 1297 <uincitur
1121 1260 1220 1310 post
1256 1260 1377 1310 terya
1420 1256 1585 1303 manus,
1618 1255 1828 1311 spoliatus

260 1328 432 1369 amictu.
494 1326 633 1382 Agon.
666 1326 853 1368 Romani
870 1326 1094 1380 (=Perist.
1118 1326 1265 1382 hymn.
1291 1326 1365 1379 10)
1383 1327 1465 1367 851
1491 1331 1529 1367 et
1545 1326 1636 1367 iam
1657 1325 1828 1367 retortis

261 1397 470 1440 bracchiis
501 1397 639 1453 furca
670 1397 836 1439 eminus
872 1397 1097 1439 Romanus
1133 1402 1253 1439 actus
1286 1395 1559 1451 ingerebatur
1600 1410 1711 1450 royo.
1756 1395 1826 1450 [cf.

262 1469 302 1510 ll.
322 1467 496 1510 69-70
534 1468 658 1522 A.S.]
711 1467 765 1508 In
789 1467 956 1524 Symm.
973 1479 1008 1509 II
1028 1469 1111 1509 559
1135 1466 1414 1522 manibusque
1435 1467 1480 1508 in
1504 1472 1624 1521 tergya
1646 1466 1827 1508 retortis.

197 1556 242 1579 20
263 1539 325 1580 La
357 1537 509 1581 Cerda.
575 1537 676 1580 Eus.
700 1537 739 1579 h.
759 1552 793 1580 e.
818 1549 906 1578 VIII
931 1539 985 1579 10
1007 1535 1027 1593 ξ
1050 1539 1085 1578 5.
1150 1536 1371 1578 Heliodor.
1403 1548 1454 1577 IX
1488 1539 1510 1577 5
1538 1551 1577 1592 p.
1603 1537 1686 1578 249
1717 1536 1740 1578 l.
1773 1538 1827 1577 13

263 1608 438 1650 Bekker
461 1610 535 1650 νῦν
558 1607 603 1650 δὲ
626 1608 739 1649 κατὰ
763 1606 913 1650 νώτων
935 1605 1047 1662 πρὸς
1071 1605 1236 1660 δεσμὸν
1258 1605 1557 1662 περιάγοντες.

350 1689 701 1721 SARMENTORVM
724 1677 854 1733 Apul.
880 1677 1058 1719 Metam.
1083 1688 1137 1718 ΙΙΙ
1171 1678 1196 1719 9
1226 1692 1287 1733 pr.
1311 1677 1426 1732 iynis
1457 1682 1495 1718 et
1526 1682 1633 1718 rota.
1699 1676 1827 1718 Prud.

261 1750 462 1803 (Roman.
475 1750 535 1803 =)
553 1748 795 1804 Peristeph.
815 1760 846 1789 X
866 1750 951 1789 848
965 1753 1187 1789 sarmenta
1204 1747 1371 1789 mioetim
1389 1746 1572 1789 subdita.
1623 1746 1785 1802 Hymn.
1802 1748 1827 1788 6

265 1824 319 1864 50
341 1821 509 1877 iynibus
526 1820 785 1863 cremandos.
820 1831 871 1860 XI
888 1819 1161 1876 (Hippolyt.)
1184 1818 1236 1861 67
1261 1818 1425 1860 uinctos
1448 1818 1585 1860 conice
1607 1818 1652 1858 in
1674 1818 1826 1872 iynem.

199 1912 241 1943 25
267 1892 481 1934 Aldhelm.
515 1892 581 1933 De
620 1890 786 1948 Virgin.
821 1891 873 1945 [o.
907 1892 962 1932 34
1000 1906 1038 1947 p.
1074 1890 1157 1931 276
1196 1889 1220 1932 l.
1256 1891 1309 1931 16
1349 1888 1413 1930 ed.
1448 1887 1639 1929 Ehwald.
1702 1887 1827 1942 A.S.]

264 1963 359 2005 Act.
379 1963 506 2004 Mart.
525 1961 632 2018 prid.
652 1960 765 2003 Non.
784 1961 887 2002 Dec.
931 1960 1074 2002 Nicen.
1100 1959 1303 2002 Choniat.
1328 1970 1342 1999 Ι
1366 1961 1403 1999 8.
1450 1958 1670 2000 Heliodor.
1690 1970 1778 1999 VIII
1802 1961 1827 2000 5

263 2049 301 2090 p.
327 2035 410 2075 223
444 2033 467 2074 l.
495 2035 548 2074 15
582 2032 767 2074 Bekker.
822 2031 1019 2072 Prochor.
1054 2029 1142 2071 Vin.
1177 2029 1328 2070 Ioann.
1365 2031 1430 2070 17.
1500 2029 1582 2083 (As
1615 2028 1829 2081 witehes.)

264 2104 326 2145 La
350 2103 502 2146 Corda.

350 2191 390 2231 p.
435 2177 518 2216 142
571 2175 595 2216 l.
640 2175 694 2215 23
749 2172 978 2228 Rejoicing
1030 2171 1074 2212 in
1127 2170 1403 2227 persecution
1456 2169 1616 2210 Arnob.
1670 2181 1705 2210 II
1760 2168 1826 2211 77.

199 2262 243 2294 30
265 2246 389 2302 Kaye
429 2247 524 2287 146.
569 2245 775 2300 palmata
812 2243 880 2284 De
918 2243 1069 2284 Idolol.
1104 2244 1157 2283 18
1190 2256 1251 2297 pr.
1305 2240 1552 2283 Christians
1583 2240 1719 2281 burnb
1756 2238 1826 2281 Ad

264 2315 389 2372 Scap.
426 2317 464 2358 4.
537 2315 592 2356 ad
629 2320 716 2356 nat.
754 2326 768 2355 1
814 2316 867 2354 18
905 2313 976 2354 fin.
1014 2312 1251 2354 incendiali
1288 2312 1444 2352 tunica.
1519 2310 1590 2351 Ad
1634 2309 1761 2351 Mart.
1803 2313 1826 2350 5

262 2387 308 2427 in
340 2385 486 2427 ttmioa
519 2384 706 2426 ardente.
768 2383 898 2440 Cypr.
928 2382 996 2424 De
1030 2381 1202 2423 Habitu
1236 2380 1354 2437 Virg.
1380 2382 1404 2421 6
1428 2380 1500 2420 fin.
1524 2385 1599 2422 aut
1630 2380 1670 2421 si
1701 2395 1829 2422 carne

261 2456 318 2497 sit
336 2454 628 2510 gyloriandam,
645 2459 744 2495 tuno
759 2453 894 2508 plane
916 2451 1085 2508 qzamdo
1107 2452 1153 2492 in
1175 2451 1361 2493 nominis
1383 2449 1639 2506 confessione
1661 2449 1827 2491 crucia-

262 2532 345 2575 tur,
368 2524 537 2580 quando
557 2524 726 2579 fortior
746 2522 923 2579 femina
949 2523 1061 2564 uiris
1090 2521 1377 2577 torquentibus
1404 2519 1828 2575 inuenitumquando

199 2609 241 2640 35
263 2596 382 2650 iones
424 2601 499 2636 aut
541 2609 683 2636 cruces
725 2599 800 2635 aut
830 2593 1009 2649 ferrum
1052 2599 1128 2635 aut
1170 2592 1323 2634 bestias
1358 2591 1529 2646 patitur
1572 2596 1619 2632 at
1661 2605 1828 2632 corone-

262 2672 343 2707 tur.
405 2665 489 2706 illa
518 2671 615 2706 sunt
643 2664 790 2705 carnis
819 2664 1004 2719 pretiosa
1034 2662 1216 2704 monilia
1249 2662 1333 2704 illa
1358 2662 1550 2716 corporis
1573 2666 1825 2702 ornamenta

262 2736 453 2778 meliora.
529 2735 650 2776 Hier.
694 2750 758 2791 ep.
794 2737 848 2775 82
895 2736 949 2776 10
980 2733 1211 2789 fundendo
1253 2732 1506 2787 sanquinem
1548 2737 1586 2773 et
1622 2730 1827 2785 patiendo

262 2806 403 2861 massis
432 2820 562 2860 quam
582 2805 792 2861 faciendo
826 2804 1104 2847 contumelias
1138 2803 1300 2845 Christi
1319 2801 1517 2858 fundata
1552 2806 1611 2843 est
1640 2800 1829 2849 ecclesia,
