1975 3306
337 187 419 229 374
912 182 1320 225 TERTVLLIANI
1577 182 1634 236 [p.
1665 181 1743 221 108
1766 179 1793 221 l.
1819 181 1903 220 2-

332 302 507 359 publici‚
543 308 581 344 et
615 317 708 344 cum
744 301 906 356 inqenti
946 300 1117 342 inuidia
1155 299 1287 341 simul
1325 315 1419 341 cum
1454 299 1626 355 palatio
1660 298 1901 339 Christian-

338 388 460 414 orum
502 387 649 414 nomen
692 371 878 413 ardebat.
943 369 1168 413 Christian
1210 370 1373 426 loyalby
1407 370 1564 411 Iustin.
1609 368 1732 425 Apol.
1772 380 1787 409 Ι
1832 371 1897 410 11.

340 445 405 484 12.
444 444 509 483 23.

426 523 657 554 LARGITER
689 522 907 552 VLTIONIS
939 509 1203 563 ἐκδικήσεως
1236 508 1344 562 ἅδην
1369 509 1552 551 Ashton.
1617 509 1756 551 Plaut.
1789 509 1899 550 Rud.

296 599 315 630 5
339 595 388 624 IV
418 585 445 624 4
469 584 553 623 144
575 582 668 624 illic
687 582 821 623 inesse
850 581 952 622 auri
972 587 1009 623 et
1031 581 1199 634 arpenti
1220 581 1410 635 Zarqiter.
1463 579 1519 622 ib.
1543 591 1573 620 V
1597 582 1621 621 2
1646 582 1700 621 28
1724 580 1903 635 laryiter

339 652 545 694 mercedis
575 652 842 707 indipiscar„
892 651 1004 705 (The
1038 651 1179 692 Plaut.
1215 649 1261 691 in
1299 650 1430 703 leXX.)
1486 650 1616 706 Apul.
1651 650 1718 692 De
1753 649 1901 706 Magia

341 725 395 764 28
419 723 601 778 larqiter
621 738 770 778 aquae.
832 722 1003 763 Petron.
1029 721 1079 763 71
1106 722 1332 763 ‘uinecirum
1354 721 1547 776 laiyiter.

428 809 467 850 p.
493 795 576 835 108
600 793 624 834 1.
648 795 673 834 3
697 804 919 834 DISPVNGI
955 791 1117 834 Oehler
1139 792 1176 833 h.
1202 791 1225 833 l.
1249 791 1304 832 ad
1332 797 1420 833 nat.
1444 803 1460 832 1
1484 793 1508 832 2
1537 806 1575 847 p.
1600 793 1652 833 61
1678 792 1702 833 1.
1728 794 1748 832 1
1776 792 1902 834 Wiss.

341 880 425 906 non
465 864 611 906 statim
654 862 838 919 confesso
875 878 919 905 eo
953 878 1095 905 nomen
1136 862 1374 904 homicidae
1410 862 1638 917 dispuncta
1674 877 1801 904 causa
1845 869 1905 905 est

279 954 321 976 10
342 941 418 976 aut
445 935 606 976 satiata
636 934 826 989 coynitio.
885 934 950 975 De
985 933 1162 974 Exhorb.
1187 932 1304 975 Casu
1330 935 1353 973 2
1376 948 1412 974 a.
1435 948 1489 974 m.
1517 948 1624 988 quae
1654 933 1747 975 uult
1774 948 1903 988 prae-

341 1006 444 1061 cipit
466 1011 504 1047 et
525 1005 681 1060 accipit
702 1011 739 1046 et
761 1005 1025 1046 aeternitatis
1046 1004 1234 1046 mercede
1255 1003 1486 1059 dispunqit.
1544 1003 1656 1044 Adu.
1676 1003 1806 1045 Mare.
1825 1014 1859 1044 ΙΙ
1878 1006 1907 1044 4

340 1090 379 1131 p.
398 1073 495 1124 337,
518 1075 542 1116 l.
567 1076 621 1115 28
638 1074 713 1115 Kr.
738 1076 791 1116 23
814 1089 853 1130 p.
878 1073 960 1115 367
986 1074 1010 1115 l.
1036 1077 1056 1114 1
1085 1073 1160 1114 Kr.
1222 1073 1289 1114 De
1313 1073 1557 1129 Moncgam.
1581 1075 1606 1113 8
1629 1087 1664 1113 a.
1688 1088 1741 1113 m.

428 1161 467 1201 p.
493 1147 575 1187 108
599 1145 623 1186 l.
646 1147 673 1186 4
696 1156 797 1186 IGNI
820 1155 1023 1185 HVMANO
1047 1145 1080 1197 )(
1100 1145 1155 1184 48
1178 1158 1217 1199 p.
1244 1145 1326 1184 140
1350 1143 1390 1185 ll.
1415 1145 1538 1185 8—9.

430 1227 571 1257 SECTA
593 1231 626 1257 c.
649 1218 705 1257 40
728 1231 762 1257 a.
786 1231 840 1256 m.
866 1230 935 1257 nec
962 1215 1053 1256 iam
1080 1214 1168 1256 illic
1198 1214 1470 1256 Christianae
1496 1219 1628 1256 sectae
1660 1214 1778 1269 origso
1811 1229 1907 1256 con-

280 1303 320 1335 15
341 1286 519 1329 sederat.
582 1286 649 1328 De
672 1286 867 1342 Speotsac.
892 1288 916 1326 2
939 1300 978 1341 p.
1004 1287 1027 1325 2
1052 1285 1078 1326 l.
1105 1286 1157 1326 19
1177 1283 1302 1325 Wiss.
1355 1284 1409 1325 ad
1437 1290 1524 1326 nat.
1548 1296 1563 1325 1
1588 1286 1615 1325 4
1636 1299 1697 1340 pr.
1722 1286 1746 1327 6
1781 1300 1819 1341 Ρ.
1849 1285 1907 1326 66

342 1358 367 1398 l.
393 1359 445 1398 15
470 1356 596 1398 Wiss.
626 1359 679 1398 10
708 1372 747 1412 p.
777 1357 830 1398 76
865 1356 888 1397 l.
921 1358 975 1398 10
1005 1355 1131 1398 Wiss.
1193 1370 1332 1411 saepe.
1382 1355 1543 1396 Minue.
1566 1357 1634 1397 40.
1697 1355 1904 1397 Prudent.

342 1427 491 1470 Conbr.
525 1427 689 1483 Symm.
724 1439 759 1468 ΙΙ
793 1429 859 1469 93.
895 1426 990 1469 276.
1053 1426 1215 1482 Apoth.
1238 1426 1368 1482 praef.
1400 1428 1424 1467 2
1450 1430 1485 1467 1.
1548 1426 1666 1469 Lact.
1695 1426 1762 1468 De
1790 1425 1904 1482 Opif.

342 1499 427 1541 Dei
446 1502 466 1540 1
486 1498 506 1556 ξ
523 1501 547 1540 2
567 1499 657 1554 [see
676 1497 973 1540 Bfinemann’s
991 1504 1105 1539 note.
1149 1498 1200 1538 A.
1220 1497 1294 1551 SM]
1339 1497 1463 1539 With
1481 1497 1693 1539 diuinitas
1713 1503 1847 1539 sectae
1863 1497 1914 1538 of

343 1570 469 1612 Fuld.
492 1570 541 1612 cf.
572 1585 604 1611 o.
635 1571 689 1611 39
709 1569 748 1611 d.
784 1568 1048 1624 disciplinae.
1112 1568 1178 1609 De
1207 1567 1327 1609 Orat.
1360 1570 1413 1609 18
1446 1583 1485 1624 p.
1518 1570 1597 1610 191
1631 1568 1654 1609 l.
1690 1570 1745 1609 24
1778 1567 1904 1609 VViss.

279 1657 323 1679 20
344 1639 412 1682 De
435 1639 530 1682 Cor.
554 1639 683 1681 Mihi.
710 1642 744 1680 1.
809 1639 934 1694 Kaye
957 1641 1011 1679 85
1027 1653 1086 1693 sq.

432 1722 471 1763 p.
497 1707 628 1749 1081.
653 1710 676 1747 5
700 1718 741 1748 SI
772 1717 890 1747 ENIM
926 1712 1006 1747 eet.
1069 1704 1197 1761 Cypr.
1233 1705 1303 1746 Ad
1333 1705 1601 1748 Demetrian.
1635 1706 1686 1748 17
1715 1722 1775 1763 pr.
1806 1706 1906 1748 inde

343 1784 402 1820 est
436 1778 549 1820 enim
578 1777 689 1833 quod
723 1792 840 1819 nemo
874 1782 1063 1818 nostrum
1095 1776 1264 1831 quando
1297 1777 1637 1832 adprehenditur
1671 1778 1911 1819 reluctatur

344 1864 416 1892 nec
447 1864 489 1891 se
521 1848 730 1890 aduersus
763 1849 971 1890 iniustam
1008 1847 1260 1889 uiolentiam
1298 1854 1482 1890 uestram
1516 1849 1716 1904 quamuis
1746 1848 1910 1890 nimius

345 1925 383 1962 et
409 1919 599 1974 copiosus
620 1924 760 1960 noster
780 1918 963 1973 populus
988 1917 1215 1959 ulciscitur.

283 2011 325 2042 25
436 2000 667 2030 EXSERTOS
711 1988 921 2038 declared,
970 1987 1227 2044 downrighb,
1270 1994 1402 2031 overt.
1478 1989 1545 2030 De
1583 1989 1809 2045 Baptismo
1854 1990 1910 2029 12

346 2074 385 2115 p.
430 2061 526 2102 211.
570 2060 624 2100 14
667 2058 793 2100 117155.
831 2058 1029 2113 probatio
1071 2063 1244 2099 eoeserta.
1331 2060 1384 2099 18
1426 2074 1466 2114 p.
1509 2060 1593 2100 216
1636 2059 1659 2101 l.
1710 2061 1734 2099 2
1782 2058 1906 2100 Wiss.

348 2128 624 2185 manifestam
655 2135 693 2171 et
726 2134 935 2170 exsertam
967 2127 1259 2182 diffinitionem
1290 2128 1455 2170 domini
1485 2129 1776 2171 intercessisse.
1840 2129 1907 2170 De

349 2198 593 2256 Monogam.
628 2201 653 2240 3
681 2214 813 2255 prope
836 2198 907 2239 fin.
937 2197 1028 2239 iam
1057 2213 1139 2239 non
1168 2197 1327 2253 oblique
1354 2214 1381 2240 a
1408 2200 1573 2254 nuptiis
1606 2214 1802 2249 auocans,
1835 2199 1908 2241 sed
1954 2252 1957 2253 ⁷

349 2276 515 2312 eoeserte.
578 2270 690 2312 Adu.
715 2269 844 2310 Maro.
869 2280 884 2309 1
909 2271 962 2310 ‘29
980 2283 1018 2324 p.
1039 2270 1119 2309 331
1146 2268 1170 2309 l.
1195 2270 1219 2308 2
1245 2268 1320 2310 Kr.
1343 2275 1440 2311 tunc
1462 2270 1642 2325 denique
1664 2270 1905 2325 coniagyium

287 2365 331 2397 30
350 2346 508 2382 eoeserte
540 2340 817 2396 defendentes,
840 2354 935 2381 cam
956 2339 1128 2380 inimice
1151 2344 1378 2380 accusatur
1405 2340 1638 2394 spurcitiae
1666 2340 1833 2381 nomine
1861 2341 1906 2380 in

350 2410 673 2453 destructionem
696 2409 907 2451 creatoris.
970 2408 1083 2450 Adu.
1108 2408 1279 2450 Valent.
1306 2424 1344 2465 p.
1372 2411 1454 2450 180
1478 2410 1501 2452 l.
1528 2412 1580 2450 14
1604 2410 1679 2451 Kr.
1703 2410 1777 2465 qui
1798 2410 1907 2451 talia

352 2495 478 2536 neque
508 2480 649 2536 facile
676 2479 919 2534 producunt
947 2494 1090 2535 neque
1111 2485 1268 2521 eoeserte
1304 2479 1543 2535 defendunt.
1607 2480 1673 2521 De
1711 2480 1909 2536 Spectac.

351 2553 377 2593 3
411 2566 450 2607 p.
486 2553 512 2591 4
545 2550 568 2591 l.
606 2552 660 2592 213
694 2550 819 2591 Wiss.
850 2550 982 2604 plane
1018 2565 1228 2605 nusquam
1261 2550 1513 2600 inuenimus,
1552 2551 1907 2606 quemadmodum

352 2627 497 2677 aperte
521 2621 712 2677 positum
741 2626 818 2662 est:
850 2626 954 2662 ‘non
985 2620 1229 2669 occides'...,
1252 2620 1316 2661 ita
1344 2626 1500 2662 estserte
1528 2620 1770 2675 definitam:
1805 2625 1905 2662 ‘non

289 2712 331 2744 35
353 2693 432 2735 ibis
463 2693 507 2733 in
541 2690 723 2734 circum?
786 2691 916 2747 Apul.
960 2691 1136 2732 Metam.
1180 2702 1216 2731 ΙΙ
1260 2692 1313 2732 22
1349 2690 1522 2732 eoesertis
1553 2690 1696 2733 oculis.
1759 2692 1815 2732 30
1847 2706 1907 2746 pr.

353 2768 561 2805 exsertam
594 2761 805 2816 uiqiliam.

441 2847 478 2888 Ρ,
505 2833 587 2872 108
609 2831 634 2872 l.
659 2833 683 2872 6
706 2841 859 2871 AGERE
881 2831 928 2871 cf.
953 2845 984 2871 c.
1010 2831 1063 2871 10
1084 2844 1123 2886 p.
1147 2831 1202 2872 36
1226 2830 1250 2871 l.
1273 2832 1339 2872 30.

442 2912 739 2942 NVMERORVM
801 2899 1018 2941 Ammian.
1049 2912 1114 2940 xx
1150 2901 1177 2940 4
1207 2898 1227 2957 ξ
1259 2900 1294 2942 7.
1357 2901 1453 2942 Tac.
1482 2900 1588 2941 Plin.
1613 2915 1676 2956 ep.
1710 2911 1763 2940 111
1794 2903 1819 2939 8
1847 2897 1912 2956 §4
