1975 3306
244 136 322 175 134
819 132 1224 174 TERTVLLIANI

240 255 404 291 terunt.
466 250 534 290 Ex
576 250 731 290 horum
773 248 937 289 semine
978 247 1109 289 etiam
1152 252 1350 288 nostram
1391 246 1504 287 hanc
1544 240 1806 287 nouitiolam

240 325 497 374 paraturam
547 319 628 360 uiri
679 318 860 373 quidam
909 317 998 359 suis
1047 316 1327 372 opinionibus
1376 316 1432 357 ad
1482 314 1807 370 philosophicas

239 389 481 430 sententias
518 389 882 430 adulterauerunt
919 393 963 428 et
999 387 1053 428 de
1090 401 1177 428 una
1214 387 1286 427 uia
1323 385 1524 441 obliquos
1560 385 1724 426 multos
1761 389 1805 425 et

237 463 565 518 inexplicabiles
597 462 798 504 tramites
830 462 1066 503 sciderunt.
1129 460 1257 510 Quod
1288 460 1385 501 ideo
1418 459 1716 515 suggesserim,
1750 472 1805 499 ne

238 537 307 578 cui
337 543 444 578 nota
474 537 668 578 uarietas
697 542 842 577 sectae
873 536 1002 576 huius
1030 535 1076 576 in
1106 535 1189 576 hoc
1219 549 1395 589 quoque
1425 549 1504 575 nos
1534 532 1804 588 philosophis
1824 546 1847 578 5

239 611 486 666 adaequare
517 611 722 652 uideatur
754 616 798 651 et
830 624 882 650 ex
915 609 1132 650 uarietate
1164 608 1467 650 defensionum
1499 607 1664 648 iudicet
1695 606 1803 647 ueri-

237 691 391 727 tatem.
454 685 674 740 Expedite
704 690 854 726 autem
886 683 1223 739 praescribimus
1253 682 1464 724 adulteris
1494 682 1655 723 nostris
1684 681 1804 722 illam

238 774 328 801 esse
363 760 558 815 regulam
594 759 796 800 ueritatis
831 773 945 813 quae
980 758 1132 799 ueniat
1167 772 1191 798 a
1228 757 1400 798 Christo
1436 757 1693 798 transmissa
1729 770 1806 810 per

236 835 420 876 comites
451 834 600 889 ipsius,
637 833 798 888 quibus
830 833 1060 887 aliquanto
1094 832 1355 887 posteriores
1388 831 1549 872 diuersi
1581 831 1654 871 isti
1689 844 1803 871 com-

237 914 508 950 mentatores
540 907 862 963 probabuntur.
927 907 1085 948 Omnia
1118 907 1330 947 aduersus
1357 906 1593 947 ueritatem
1627 905 1682 946 de
1708 905 1803 959 ipsa
1826 923 1873 946 10

237 983 425 1024 ueritate
474 987 729 1024 constructa
777 988 894 1031 sunt,
946 980 1232 1036 operantibus
1281 980 1623 1021 aemulationem
1671 979 1804 1020 istam

237 1057 466 1112 spiritibus
504 1058 671 1098 erroris.
734 1057 801 1098 Ab
840 1057 906 1097 his
943 1055 1160 1097 adulteria
1198 1055 1450 1095 huiusmodi
1482 1054 1688 1095 salutaris
1719 1053 1803 1094 dis-

239 1132 426 1187 ciplinae
461 1131 716 1180 subornata,
755 1131 810 1172 ab
848 1131 913 1171 his
950 1130 1169 1185 quaedam
1210 1129 1343 1170 etiam
1384 1128 1560 1170 fabulae
1600 1128 1805 1169 inmissae

239 1221 352 1262 quae
385 1207 438 1248 de
470 1206 757 1247 similitudine
788 1205 920 1246 fidem
952 1204 1227 1246 infirmarent
1258 1204 1459 1245 ueritatis
1492 1203 1560 1244 uel
1594 1217 1690 1243 eam
1722 1202 1803 1244 sibi

239 1282 387 1336 potius
408 1281 672 1331 euincerent,
695 1287 746 1322 ut
767 1280 864 1335 quis
884 1280 981 1321 ideo
1002 1294 1091 1320 non
1111 1284 1241 1334 putet
1261 1278 1518 1320 Christianis
1539 1278 1803 1319 credendum
1826 1292 1871 1324 15

240 1357 343 1412 quia
368 1371 447 1399 nec
471 1357 614 1412 poetis
638 1371 716 1397 nec
742 1355 1025 1411 philosophis,
1052 1354 1121 1396 uel
1146 1354 1243 1395 ideo
1270 1354 1407 1409 magis
1432 1354 1573 1409 poe'tis
1599 1360 1643 1395 et
1667 1353 1803 1409 philo-

239 1432 387 1487 sophis
437 1432 659 1473 existimet
708 1430 974 1472 credendum
1024 1430 1127 1484 quia
1175 1444 1260 1470 non
1314 1429 1583 1470 Christianis.
1645 1429 1805 1483 Itaque

239 1507 431 1548 ridemur
461 1507 765 1562 praedicantes
795 1506 926 1547 deum
955 1505 1266 1546 iudicaturum.
1329 1504 1398 1545 Sic
1428 1504 1543 1544 enim
1574 1509 1618 1545 et
1647 1508 1804 1559 poetae

241 1588 286 1624 et
315 1583 563 1638 philosophi
593 1581 787 1623 tribunal
818 1580 938 1636 apud
967 1580 1128 1621 inferos
1158 1584 1343 1634 ponunt.
1406 1579 1466 1620 Et
1494 1579 1739 1634 gehennam
1770 1579 1804 1620 si

241 1658 570 1707 comminemur,
604 1672 716 1712 quae
749 1662 815 1697 est
844 1656 956 1711 ignis
986 1654 1133 1695 arcani
1165 1654 1497 1695 subterraneam
1529 1654 1585 1695 ad
1617 1668 1803 1709 poenam
1826 1670 1873 1692 20

241 1733 486 1783 thesaurus,
507 1733 688 1788 proinde
706 1731 1089 1773 decachinnamur.
1151 1730 1220 1771 810
1238 1729 1353 1770 enim
1372 1735 1416 1770 et
1433 1729 1804 1785 Pyriphlegethon

242 1808 361 1863 apud
387 1814 584 1850 mortuos
611 1808 752 1848 amnis
778 1812 856 1848 est.
919 1806 979 1847 Et
1004 1805 1038 1846 si
1065 1805 1317 1860 paradisum
1344 1805 1632 1854 nominemus,
1660 1805 1804 1846 locum

242 1884 418 1925 diuinae
434 1883 716 1924 amoenitatis
732 1881 990 1936 recipiendis
1005 1885 1259 1921 sanctorum
1275 1879 1502 1934 spiritibus
1518 1879 1802 1930 destinatum,

242 1958 654 2015 maceriaquadam
683 1957 835 2012 igneae
863 1956 978 1997 illius
1006 1969 1142 1996 zonae
1172 1969 1196 1995 a
1226 1955 1387 1996 notitia
1416 1954 1532 1995 orbis
1562 1955 1806 1996 communis

242 2037 531 2089 segregatum,
555 2032 692 2086 Elysii
715 2031 858 2085 campi
879 2030 1011 2071 fidem
1033 2034 1375 2084 occupauerunt.
1437 2028 1565 2070 Unde
1588 2029 1707 2079 haec,
1731 2043 1806 2071 oro
1829 2042 1876 2073 25

243 2122 335 2157 uos,
360 2106 629 2162 philosophis
652 2110 731 2146 aut
753 2105 894 2160 poetis
917 2109 1011 2145 tam
1033 2103 1301 2144 consimilia?
1366 2103 1549 2144 Nonnisi
1573 2103 1625 2144 de
1647 2103 1807 2144 nostris

243 2181 541 2223 sacramentis.
603 2180 645 2221 81
675 2180 729 2221 de
757 2179 918 2220 nostris
947 2178 1245 2228 sacramentis,
1277 2183 1329 2219 ut
1359 2177 1412 2218 de
1443 2178 1673 2233 prioribus,
1708 2192 1807 2233 ergo

243 2257 439 2298 fideliora
482 2261 586 2297 sunt
628 2260 779 2296 nostra
822 2254 1049 2309 magisque
1092 2253 1321 2303 credenda,
1367 2268 1553 2307 quorum
1598 2253 1808 2308 imagines

245 2345 420 2387 quoque
447 2331 579 2371 fidem
606 2330 852 2371 inueniunt.
914 2328 957 2370 81
985 2329 1038 2370 de
1066 2328 1155 2369 suis
1182 2327 1393 2377 sensibus,
1423 2328 1511 2368 iam
1540 2341 1638 2383 ergo
1666 2341 1806 2368 sacra-

245 2411 396 2447 menta
429 2411 580 2446 nostra
611 2404 822 2460 imagines
856 2404 1147 2459 posteriorum
1180 2403 1475 2452 habebuntur,
1512 2402 1630 2456 quod
1663 2417 1806 2443 rerum
1829 2418 1876 2451 30

245 2481 387 2522 forma
440 2495 528 2521 non
581 2480 782 2521 sustinet.
844 2479 1085 2533 Nunquam
1140 2478 1255 2519 enim
1310 2492 1466 2532 corpus
1520 2477 1675 2518 umbra
1729 2483 1808 2518 aut

246 2558 480 2598 ueritatem
512 2557 656 2611 imago
688 2556 925 2611 praecedit.

330 2688 404 2729 48.
466 2688 555 2743 Age
581 2688 682 2737 iani,
711 2688 746 2729 si
773 2688 847 2742 qui
874 2687 1159 2742 philosophus
1185 2686 1402 2735 adfirmet,
1432 2692 1482 2727 ut
1507 2687 1571 2727 ait
1597 2686 1806 2727 Laberius

245 2765 299 2806 de
326 2766 544 2807 sententia
572 2765 862 2820 Pythagorae,
893 2765 1114 2806 hominem
1141 2764 1231 2805 fieri
1260 2778 1312 2805 ex
1339 2764 1471 2813 mulo,
1500 2763 1724 2805 colubram
1752 2778 1806 2805 ex
