1975 3306
279 95 359 136 456
849 97 1256 140 TERTVLLIANI
1482 103 1542 158 [p.
1572 102 1699 145 1341.
1727 105 1839 144 21—

366 222 788 254 PYRIPHLEGETHON
820 213 874 254 ad
907 219 994 255 nat.
1029 225 1043 254 I
1080 216 1131 256 19
1165 215 1235 256 fin.
1270 216 1389 270 apud
1423 232 1494 258 uos
1524 232 1684 272 quoque
1705 218 1837 272 Pyri-

277 279 582 335 plzlesyethontis
598 287 635 322 et
653 282 695 322 E
697 282 798 337 lysii
816 298 896 323 non
920 283 1032 324 alias
1054 283 1243 326 condicio
1267 285 1520 340 disponitur.
1573 301 1645 328 nec
1662 287 1840 342 mythici

281 365 330 391 ac
346 351 502 404 poetici
522 351 605 391 soli
627 352 735 392 talia
758 358 925 394 canunt.
978 353 1139 394 Arnob.
1164 365 1197 394 ΙΙ
1224 356 1277 394 14
1300 369 1359 410 pr.
1383 354 1523 412 citing
1546 356 1654 398 Plan.
1680 356 1837 397 Phaesl.

279 435 317 475 p.
344 423 426 462 113
459 422 626 463 audetis
658 422 799 465 ridere
832 438 914 472 nos,
938 439 1032 465 cum
1058 424 1269 478 {seltennus
1295 425 1478 467 dicimus
1501 432 1538 468 et
1561 427 1838 482 ineoestingyui-

239 509 257 539 5
280 490 379 532 biles
414 491 619 546 quosdam
651 492 780 547 iynes,
815 494 861 534 in
895 509 998 548 quos
1033 494 1204 535 (mimas
1237 495 1347 537 deici
1380 496 1431 537 ab
1469 511 1618 538 earum
1655 496 1839 538 hostibus

277 561 547 616 inimicisque
569 563 873 616 coynouimus?
904 564 1007 618 quid
1029 564 1158 606 Plato
1182 564 1294 606 idem
1321 571 1456 607 uester
1477 566 1521 607 in
1545 581 1590 608 eo
1613 567 1838 617 uolumine,

279 631 390 686 quod
422 631 472 673 de
504 633 675 674 animae
705 634 1033 676 immortalitate
1064 637 1305 691 composuit,
1329 652 1409 677 non
1442 637 1732 688 Acherontem,
1756 653 1839 680 non

279 701 462 757 Styyem,
487 718 569 744 non
605 703 805 759 Cocytum
828 705 994 760 fluuios
1023 711 1060 747 et
1086 706 1530 761 Pyriphleyethontem
1560 709 1760 757 nominat,
1792 709 1835 750 in

279 771 430 826 quibus
463 773 633 814 animas
666 780 883 816 asseuerat
916 775 1037 816 'uolui
1064 776 1199 830 merffi
1240 777 1371 818 eoeuri.
1436 777 1633 819 Lac-tant.
1669 790 1737 819 VII
1773 781 1839 821 26.

217 859 259 881 10
280 842 481 884 Martiam.
502 842 605 899 Cap.
623 842 662 901 §g
680 846 763 887 166
789 847 883 887 195.
929 846 1084 887 Euseb.
1106 846 1254 902 Praep.
1275 846 1442 903 Euang.
1462 859 1545 888 XIV
1569 849 1604 889 7.
1648 848 1841 890 Derided

280 912 365 955 Cic.
390 913 456 954 De
479 912 582 955 Nat..
607 913 733 956 Deor.
758 926 792 955 ΙΙ
813 913 833 971 ξ
856 917 880 956 5
905 915 1290 972 (Hippocontaur).

366 997 404 1038 p.
441 984 524 1024 134
556 983 580 1025 l.
604 986 658 1025 22
692 996 961 1027 PARADISVM
995 986 1119 1042 Kaye
1153 988 1235 1028 249
1269 986 1408 1043 citing
1439 987 1505 1029 Do
1539 986 1664 1030 Cam.
1689 988 1838 1029 Resur.

281 1054 334 1095 26
369 1053 441 1095 fin.
503 1053 684 1106 (Pamel.
721 1065 735 1094 Ι
765 1069 804 1110 p.
840 1056 892 1095 31
920 1055 966 1096 E.
1000 1071 1039 1097 n.
1072 1057 1130 1109 9.)
1192 1057 1241 1097 cf.
1275 1056 1339 1098 17.
1372 1058 1436 1098 63.
1500 1056 1566 1098 De
1601 1057 1746 1114 Specta.
1773 1059 1839 1099 30.

278 1123 391 1164 Adu.
435 1123 564 1165 Marc.
607 1135 661 1164 ΙΙΙ
700 1126 765 1166 24.
810 1136 858 1165 IV
896 1126 952 1166 34
993 1140 1032 1182 p.
1071 1141 1124 1167 m.
1188 1126 1229 1167 A
1262 1127 1344 1168 lost
1377 1126 1556 1168 treatise
1589 1127 1637 1168 of
1672 1127 1753 1168 T.'S
1788 1127 1840 1168 de

217 1212 258 1243 15
279 1193 478 1250 paradiso
501 1194 659 1235 named
682 1195 748 1236 De
778 1195 923 1236 Anim.
948 1198 1002 1238 55
1024 1196 1095 1237 fin.
1120 1198 1186 1238 56.
1211 1199 1265 1238 58
1289 1212 1350 1253 pr.
1412 1196 1479 1238 De
1504 1197 1690 1240 Patient.
1715 1199 1751 1240 9.
1776 1199 1841 1239 16.

280 1263 492 1320 Scorpi-ac.
519 1267 572 1305 12
596 1279 635 1321 p.
659 1280 712 1306 ln.
778 1265 921 1321 Pusey
944 1281 982 1307 n.
1006 1281 1027 1307 c
1050 1281 1119 1323 pp.
1147 1269 1388 1309 116—120.

368 1350 408 1391 p.
433 1337 517 1377 134
550 1335 574 1376 l.
598 1337 653 1376 24
685 1347 838 1377 ZONAE
871 1336 999 1393 Verg.
1033 1336 1115 1379 Ou.
1145 1337 1253 1379 Plin.
1285 1338 1399 1379 Mela
1429 1338 1558 1380 Macr.
1583 1339 1709 1380 Mart.
1734 1338 1836 1395 Cap.

280 1406 329 1448 cf.
354 1405 497 1462 Scorp.
523 1408 576 1448 10
603 1422 641 1462 p.
667 1409 749 1449 168
773 1407 797 1449 l.
823 1409 875 1449 19
900 1407 1026 1450 Wiss.
1048 1408 1130 1450 erit
1162 1414 1268 1450 certe
1299 1408 1430 1450 etiam
1462 1423 1606 1451 carcer
1636 1410 1683 1450 in
1715 1410 1843 1457 caelo,

281 1490 430 1518 carens
450 1477 535 1518 sole
557 1482 633 1518 aut
661 1477 848 1532 inyratis
878 1477 1126 1527 lwninosus,
1149 1484 1186 1520 et
1210 1477 1389 1520 uincula
1408 1477 1602 1533 fortasse
1632 1478 1683 1521 de
1714 1479 1842 1528 zonis,

216 1567 261 1588 20
280 1552 318 1588 et
358 1546 522 1588 eculeus
564 1547 659 1589 aoeis
699 1548 789 1603 ipse
830 1548 904 1603 qui
945 1554 1120 1604 torquet.
1183 1548 1284 1590 Luc.
1329 1560 1378 1589 IV
1422 1548 1505 1591 675
1537 1564 1666 1591 zonae
1698 1555 1845 1591 eci-usta

279 1617 464 1660 calenti-3.
526 1629 577 1659 IX
600 1620 685 1659 314
707 1633 1081 1674 aequora...zonae
1102 1619 1250 1660 uicina
1267 1624 1477 1674 perustae.
1532 1618 1683 1661 Claud.
1707 1619 1841 1676 Idyll.

281 1690 307 1729 4
330 1689 681 1744 9flamini9erae.
744 1689 904 1731 Arnob.
929 1701 944 1730 Ι
969 1691 1022 1731 52
1047 1704 1106 1745 pr.
1126 1704 1208 1745 per
1229 1689 1403 1743 iqneam
1425 1704 1588 1731 zonam.

371 1774 410 1815 p.
437 1760 520 1800 134
553 1759 576 1800 l.
602 1761 654 1800 25
689 1770 841 1800 ELYSII
874 1760 986 1801 Adu.
1021 1759 1151 1802 Maro.
1182 1771 1232 1800 IV
1254 1761 1310 1801 34
1332 1774 1372 1815 p.
1396 1758 1478 1801 537
1503 1760 1527 1800 l.
1552 1762 1576 1801 5
1601 1759 1675 1801 Kr.
1728 1760 1845 1802 Zeno

283 1828 349 1870 De
382 1829 554 1870 Resurr.
587 1829 661 1883 (III
695 1827 801 1870 412¹)
833 1828 944 1870 Bibl.
978 1828 1092 1870 Max.
1124 1829 1238 1871 Patr.
1268 1829 1407 1883 [=ed.
1443 1828 1664 1877 Ballerini,
1688 1829 1842 1871 Veron.

218 1916 262 1947 25
285 1896 408 1947 1739,
431 1913 469 1953 p.
496 1899 589 1939 121.
642 1897 692 1939 A.
709 1897 792 1952 S.])
819 1904 967 1953 poetae
999 1904 1141 1940 autem
1172 1898 1336 1947 melius,
1370 1898 1449 1953 qni
1480 1897 1695 1953 duplicem
1724 1898 1844 1939 uiam

284 1968 403 2024 apud
432 1968 594 2024 inferos
620 1975 796 2024 ponunt,
818 1969 1054 2024 impiorum
1085 1984 1228 2018 unam,
1252 1983 1358 2024 quae
1387 1968 1504 2010 ducit
1526 1969 1573 2009 in
1597 1968 1847 2019 Tartarum,

279 2039 455 2094 piorum
477 2039 615 2080 aliam
638 2055 745 2094 quae
766 2039 883 2082 ducit
912 2039 970 2081 ad
999 2039 1058 2080 El
1060 2040 1213 2093 ysium,
1237 2055 1280 2081 eo
1301 2039 1471 2095 fortius
1503 2039 1712 2089 addentes,
1735 2039 1845 2095 quod

285 2108 580 2164 defunctorum
602 2109 756 2150 ibidem
782 2125 862 2151 non
885 2116 975 2151 tam
986 2109 1164 2165 formae
1186 2124 1312 2164 quam
1326 2109 1456 2164 facta
1478 2099 1719 2151 noscantur.

373 2190 464 2219 ORO
496 2190 582 2220 VOS
614 2194 645 2220 o.
675 2180 730 2220 ‘20
763 2179 786 2220 f.
818 2181 873 2220 40
903 2194 937 2220 a.
963 2195 1015 2221 m.
1047 2181 1100 2232 (o.
1124 2185 1160 2220 te
1194 2179 1281 2220 Cic.
1311 2178 1405 2220 Ait.
1432 2178 1509 2220 bis.
1542 2178 1635 2219 Liu.
1670 2178 1769 2220 Sen.
1801 2178 1846 2219 in

222 2248 416 2296 3olexx.)
453 2247 519 2289 De
563 2247 704 2290 Carne
749 2248 848 2290 Chr.
888 2251 990 2290 2111.
1029 2251 1081 2290 19
1120 2249 1190 2289 fin.
1221 2264 1291 2290 oro
1334 2254 1371 2290 te
1408 2248 1474 2289 De
1511 2248 1687 2290 Exhort.
1728 2248 1845 2290 Cast.

287 2320 313 2359 8
335 2333 395 2374 pr.
458 2317 527 2359 Ad
562 2317 689 2359 onr.
722 2330 736 2358 Ι
770 2320 806 2360 3.
832 2322 856 2358 4
880 2318 950 2359 fin.
1014 2318 1080 2360 Do
1108 2317 1202 2361 Cor.
1232 2317 1361 2359 Milit.
1396 2320 1460 2358 14.
1523 2318 1577 2359 ad
1607 2324 1693 2359 nat.
1719 2329 1734 2359 Ι
1759 2320 1781 2359 7
1806 2334 1844 2374 p.

288 2389 343 2429 68
376 2387 400 2429 l.
433 2390 485 2428 25
512 2387 637 2429 Wiss.
660 2403 699 2444 p.
724 2387 777 2429 70
802 2388 826 2429 l.
862 2387 884 2429 7
911 2388 1035 2429 VViss.
1100 2399 1134 2428 ΙΙ
1169 2391 1194 2428 4
1228 2403 1267 2443 p.
1299 2389 1382 2429 102
1408 2387 1432 2429 l.
1457 2389 1480 2428 2
1509 2387 1631 2429 Wiss.
1695 2388 1847 2445 (Apul.

288 2457 466 2498 Metam.
491 2469 519 2496 V
543 2459 595 2499 31
623 2459 798 2511 ulmus.)

376 2543 414 2583 p.
440 2529 523 2569 134
546 2527 569 2568 1.
594 2529 648 2569 26
672 2539 732 2569 DE
751 2539 940 2569 NOSTRIS
962 2539 1285 2569 SACRAMENTIS
1308 2527 1469 2569 Minue.
1493 2529 1549 2569 34
1570 2526 1590 2585 ξ
1611 2530 1637 2569 4
1661 2528 1847 2577 Holden‚

226 2613 267 2644 35
289 2598 603 2640 (mimuduertis
630 2599 903 2655 philosophos
936 2599 1082 2641 eadem
1124 2599 1357 2655 disputare,
1393 2613 1499 2654 quae
1540 2599 1733 2649 dicimus,
1764 2615 1844 2641 non

288 2668 399 2723 quod
417 2683 490 2709 nos
510 2668 645 2710 simus
668 2683 812 2710 eorum
834 2669 1015 2724 uestiyia
1037 2669 1255 2718 subsecuti,
1276 2669 1350 2710 sed
1372 2669 1482 2724 quod
1510 2669 1579 2710 illi
1601 2669 1651 2711 de
1683 2668 1848 2710 diuinis

286 2738 679 2793 praedicationibus
716 2738 1025 2794 prophetarum
1077 2739 1273 2780 umbram
1324 2739 1608 2793 interpolatae
1651 2739 1849 2781 ueritatis

289 2808 451 2849 imitati
477 2809 573 2849 sint.
635 2808 699 2851 Cf.
739 2809 806 2850 De
840 2809 1018 2851 Testim.
1053 2809 1135 2850 An.
1172 2813 1195 2850 5
1229 2824 1267 2865 p.
1307 2811 1385 2850 141
1424 2809 1447 2850 l.
1487 2811 1511 2850 9
1544 2808 1670 2850 VViss.
1733 2808 1846 2851 Adu.
