1975 3306
274 138 357 179 290
848 131 1256 173 TERTVLLIANI
1513 132 1571 187 [p.
1598 131 1700 173 681.
1726 133 1838 172 22—

272 257 389 302 ctera,
422 251 572 293 Iouem
613 249 788 298 eaelum,
822 247 1072 303 Neptzmzwn
1114 262 1244 297 mare,
1279 247 1421 302 igmem
1462 262 1547 289 esse
1596 246 1637 288 V
1637 247 1837 289 ulcoemmn

272 327 309 363 et
346 327 499 363 ceteros
530 319 733 361 similiter
769 318 899 372 uulyo
939 317 1035 359 deos
1071 317 1275 359 elementa
1309 331 1394 358 6336
1427 316 1702 358 monstrando
1729 316 1836 372 pub-

272 391 403 433 licum
428 390 576 445 ctryzcit
597 389 796 444 ιον-αἰσίων
818 394 855 430 et
884 387 1068 429 reuineit
1094 402 1292 429 errorem.
1359 385 1445 428 Cio.
1477 387 1544 428 De
1575 387 1678 428 Nat.
1709 387 1835 429 Deor.

272 472 287 501 Ι
324 459 343 517 ξ,
377 462 442 502 36.
507 459 600 500 The
634 457 769 512 λόγος
805 457 963 498 known
998 463 1043 498 to
1081 456 1283 513 Orpheus
1315 457 1538 511 ([Iustin.]
1572 456 1745 500 Cohorb.
1781 458 1836 499 ad

230 548 249 578 5
272 531 342 572 Gr.
369 533 421 571 15
444 545 483 586 p.
509 531 562 571 16
594 528 716 582 Col).
781 527 900 584 Orig.
931 534 1081 569 eontra
1107 527 1218 570 Cels.
1243 539 1291 568 VI
1315 543 1346 569 o.
1371 530 1396 569 8
1420 543 1457 584 p.
1483 530 1568 569 280
1592 529 1717 570 Plato
1739 528 1785 569 in
1811 544 1836 569 a

271 602 402 643 letter
424 607 469 642 to
492 599 724 641 Hermeias
745 599 830 640 and
856 598 1065 640 Koriskos
1088 599 1244 655 speaks
1267 599 1314 640 of
1331 599 1407 640 the
1430 614 1508 641 son
1530 600 1577 640 of
1594 599 1700 641 God.

358 681 712 712 FACTITATOREM
729 685 760 711 e.
781 671 835 711 46
854 684 892 726 p.
914 671 996 710 128
1016 669 1038 710 l.
1058 671 1124 710 31.
1178 669 1291 710 Adu.
1319 669 1487 710 Valent.
1513 672 1564 710 21
1589 669 1667 711 bis.
1721 669 1833 711 Adu.

269 743 390 784 Prax.
417 745 470 783 18
493 757 531 798 p.
557 743 641 783 260
664 741 688 782 l.
714 742 766 781 12
792 740 867 781 Kr.
891 740 1027 794 (cited
1051 740 1160 781 from
1182 755 1237 781 no
1261 740 1387 782 other
1409 739 1597 794 author).

354 829 391 869 p.
417 815 471 855 68
494 813 518 854 1.
544 813 597 853 25
622 823 896 853 CLEANTHES
918 811 986 853 Fr.
1013 813 1066 853 13
1089 826 1128 867 p.
1153 813 1236 853 245
1262 811 1461 853 Pearson.

204 902 246 924 10
355 894 703 926 PERMEATOREM
727 880 802 924 ἅπ.
826 887 921 936 λενγ.
975 880 1063 924 Cic.
1087 881 1154 922 De
1177 880 1281 923 Nat.
1305 881 1432 923 Deor.
1457 893 1471 922 1
1494 880 1513 938 ς
1535 883 1589 923 36
1614 881 1680 935 (of
1697 881 1833 934 Zeno)

266 955 370 996 <iliis
392 960 534 996 autem
564 953 666 995 loeis
694 953 905 994 rationem
935 952 1155 1008 quandam
1176 967 1254 1007 per
1276 966 1441 994 omnem
1462 958 1667 994 ‹natzmzm
1688 967 1834 994 rerum

257 1025 540 1081 pertinentem
568 1024 617 1065 ui
644 1023 801 1065 diuina
829 1037 914 1065 esse
942 1023 1139 1078 affectam
1162 1028 1332 1077 putant.
1386 1023 1515 1064 Marc.
1547 1022 1693 1064 Aurel.
1717 1034 1748 1063 V
1778 1024 1832 1064 32

265 1094 286 1137 ὁ
317 1094 386 1137 διὰ
417 1097 494 1148 τῆς
523 1092 679 1139 οὐσίας
710 1092 874 1145 διήκων
903 1094 1048 1147 λόγος.
1104 1092 1313 1134 Heraclit.
1337 1092 1383 1134 in
1415 1093 1528 1134 Plut.
1553 1093 1702 1135 Moral.
1729 1095 1834 1135 885a

263 1171 343 1207 oet.
367 1165 413 1207 in
443 1165 631 1207 Lasaulx
662 1163 853 1206 Studien
881 1178 920 1220 p.
946 1163 1000 1205 78
1030 1178 1069 1204 n.
1102 1165 1167 1204 20.
1221 1163 1440 1220 Athenag.
1471 1165 1496 1206 6
1526 1179 1564 1220 p.
1591 1162 1633 1205 7ο
1654 1165 1750 1217 (56)
1779 1163 1832 1205 de

202 1251 243 1282 15
265 1235 435 1277 Stoicis.

352 1321 391 1362 p.
420 1307 474 1347 68
508 1305 532 1346 l.
564 1306 617 1347 26
651 1315 843 1345 VIRTVTI
873 1303 985 1345 Adu.
1017 1303 1112 1345 Iud.
1145 1305 1169 1345 9
1199 1318 1332 1359 prope
1355 1303 1426 1345 fin.
1460 1304 1518 1360 (p.
1543 1302 1627 1345 726
1652 1303 1832 1356 Oehler)

264 1376 431 1432 duplici
471 1375 595 1424 enim,
634 1374 720 1416 nisi
761 1374 912 1429 fallor,
947 1374 1190 1429 operatione
1231 1373 1478 1416 distinctum
1515 1390 1609 1416 eum
1642 1375 1833 1429 leyimus,

261 1445 605 1502 praedicationis
626 1451 664 1487 et
685 1444 873 1486 uirtutis.
917 1443 1030 1485 Adu.
1055 1444 1177 1485 PraX.
1202 1444 1228 1487 7
1251 1459 1289 1500 p.
1312 1446 1395 1486 236
1420 1445 1442 1486 l.
1464 1445 1486 1486 7
1514 1445 1588 1486 Kr.
1607 1447 1673 1486 30.
1718 1445 1830 1487 Adu.

267 1518 396 1559 Marc.
421 1529 435 1558 1
462 1519 527 1559 19.
552 1527 606 1557 ΠΙ
631 1517 655 1558 6
679 1530 717 1571 p.
743 1517 828 1557 384
851 1515 874 1556 l.
900 1517 953 1557 16
979 1515 1054 1556 Kr.
1081 1517 1146 1557 16.
1171 1526 1221 1555 IV
1244 1517 1295 1556 21
1322 1530 1360 1571 p.
1385 1517 1469 1557 489
1493 1515 1517 1557 l.
1543 1518 1596 1556 22
1623 1516 1697 1557 Kr.

201 1607 246 1630 20
354 1603 393 1644 p.
428 1589 482 1630 68
506 1587 530 1628 l.
555 1585 607 1628 27
632 1597 865 1627 EDIXIMVS
888 1600 919 1626 e.
946 1584 998 1626 17
1023 1600 1084 1642 pr.
1129 1585 1254 1640 Kaye
1278 1586 1463 1627 523—4.

358 1668 594 1699 PROPRIAM
635 1667 959 1697 SVBSTANTIAM
996 1654 1116 1711 Orig.
1155 1654 1200 1695 in
1243 1655 1303 1695 10.
1338 1670 1377 1711 p.
1423 1656 1476 1696 56
1522 1654 1636 1697 ἰδίαν
1674 1655 1832 1698 οὐσίαν

268 1729 329 1770 i.e.
356 1727 622 1769 ὑπόστασιν.
675 1725 859 1767 Ashbon.
914 1724 1040 1781 Kaye
1076 1726 1161 1766 524
1193 1739 1232 1765 n.
1267 1726 1303 1766 9.
1348 1725 1431 1766 526
1464 1739 1503 1766 n.
1539 1726 1574 1766 6.
1629 1724 1747 1766 Grot.
1777 1740 1832 1766 on

268 1798 394 1839 Mark
428 1799 452 1838 2
486 1799 523 1838 8.
580 1796 755 1853 Hippol.
787 1811 819 1837 o.
847 1795 976 1837 Noet.
1013 1797 1065 1837 16
1097 1799 1133 1847 (Ι
1158 1796 1262 1849 242)
1294 1795 1398 1850 quid
1429 1801 1487 1836 est
1519 1795 1628 1850 quod
1660 1810 1709 1837 esc
1739 1795 1831 1850 ipso

265 1869 455 1924 ‘qenitzmn
489 1873 557 1918 est,
591 1867 678 1908 nisi
710 1866 918 1922 Spiritus,
954 1865 1001 1907 id
1038 1871 1096 1907 est
1146 1865 1362 1908 Verbum?
1437 1864 1590 1907 Celsus
1632 1864 1678 1906 in
1711 1864 1829 1921 Orig.

204 1956 248 1988 25
269 1950 318 1980 VI
357 1938 410 1980 72
446 1952 565 1994 says:
610 1935 792 1992 ἐπείπερ
831 1935 1003 1990 ’πνεῦμά
1043 1936 1168 1977 ἐστιν
1205 1933 1295 1978 ἀπὸ
1335 1937 1413 1977 τοῦ
1452 1935 1553 1977 θεοῦ
1590 1933 1612 1977 ὁ
1656 1934 1747 1981 υἱὸς
1788 1936 1833 1976 ἐν

269 2006 534 2065 ἀνθρωπίνῳ
556 2005 745 2063 Γγεγονὼς
776 2005 965 2061 σώματι,
989 2005 1080 2048 οὐδ’
1111 2005 1165 2048 ἂν
1193 2004 1328 2051 αὐτὸς
1358 2006 1424 2057 εἴη
1455 2005 1675 2050 ἀθάνατος
1704 2004 1725 2048 ὁ
1756 2008 1832 2047 τοῦ

271 2079 373 2121 θεοῦ
417 2076 514 2122 υἱός.
588 2076 839 2136 Mosheim's
892 2076 1009 2132 Orig.
1053 2081 1203 2117 contra
1245 2075 1355 2118 Cels.
1399 2091 1437 2132 p.
1484 2076 1577 2117 712.
1644 2075 1713 2118 On
1756 2076 1831 2117 the

269 2148 442 2204 Trinity
470 2147 629 2189 Pamel.
661 2159 676 2188 Ι
702 2162 741 2203 p.
766 2149 838 2189 39C
864 2162 923 2203 sq.
954 2162 992 2187 n.
1024 2148 1090 2188 31.
1145 2145 1373 2202 Lightfoot
1403 2161 1458 2187 on
1489 2145 1664 2201 [Clem]
1696 2149 1719 2187 2
1748 2161 1780 2187 c.
1805 2147 1829 2188 9

269 2220 341 2272 (Π2
363 2220 477 2270 230).
531 2217 700 2258 Dorner
730 2228 743 2257 1
776 2219 858 2258 205
883 2232 942 2271 sq.
997 2215 1241 2257 Maximilla
1270 2215 1315 2256 in
1345 2215 1501 2257 Euseb.
1527 2216 1642 2258 Hisu.
1667 2216 1776 2257 Eocl.
1800 2227 1831 2256 V

205 2308 251 2339 30
272 2291 325 2330 16
348 2287 367 2345 ξ
391 2288 442 2330 17
467 2286 587 2344 ῥῆμά
609 2286 697 2340 εἰμι
720 2287 792 2328 καὶ
816 2289 990 2338 ’πνεῦμα
1015 2286 1088 2328 καὶ
1113 2285 1305 2337 δύναμις.
1360 2285 1536 2342 Georgii
1566 2286 1611 2327 in
1642 2285 1831 2327 Studien

271 2360 348 2401 der
381 2374 531 2415 evang.
565 2357 877 2400 Geistlichkeib
910 2357 1244 2413 VVUi-bembergs
1279 2359 1392 2398 1838
1425 2356 1479 2398 72
1512 2372 1570 2413 sq.
1607 2356 1700 2399 107.
1737 2360 1830 2399 110.

273 2431 367 2470 112.
408 2427 591 2470 116-7.
649 2427 761 2468 Iren.
800 2439 829 2467 V
865 2430 885 2467 1
920 2426 1208 2483 ξ2.11131;ἰη.
1248 2426 1371 2482 Apol.
1408 2437 1424 2466 Ι
1459 2428 1525 2468 33.
1579 2426 1831 2483 [Cyprianio

272 2499 404 2553 tract]
428 2499 494 2539 De
518 2497 745 2539 Montibus
768 2497 875 2539 Sina
897 2507 942 2538 et]
966 2496 1071 2538 Sion
1086 2498 1119 2538 ⁴3
1143 2496 1353 2538 Sion...in
1383 2512 1461 2551 (lufo
1485 2503 1619 2539 monte
1641 2497 1832 2552 Spiritus

271 2575 441 2611 sanctus
462 2567 606 2609 Filius
627 2567 710 2610 Dei
730 2581 805 2608 reoe
827 2566 1075 2608 constitutus
1097 2572 1166 2608 est.
1220 2565 1348 2621 Cypr.
1373 2565 1499 2618 Quod
1530 2565 1644 2607 idola
1672 2566 1716 2608 di
1745 2582 1831 2608 non

209 2654 252 2685 35
273 2638 361 2680 sint
395 2640 445 2678 11
483 2652 656 2679 earnem
690 2636 871 2691 spiritus
901 2641 1075 2677 sanetus
1105 2635 1328 2686 induitur-3
1361 2635 1502 2676 where
1535 2635 1580 2676 in
1613 2635 1763 2692 Migne
1796 2635 1831 2677 is

259 2707 388 2758 ,cited
424 2706 572 2747 Herm.
603 2705 709 2747 Sim.
740 2717 769 2745 V
804 2707 827 2745 5
858 2703 934 2760 §2
999 2703 1045 2746 C.
1076 2704 1233 2760 Taylor
1264 2703 1309 2744 in
1339 2702 1470 2745 Class.
1503 2704 1606 2745 Rev.
1635 2716 1703 2745 V11
1734 2707 1829 2746 201.

275 2777 323 2817 R.
347 2776 539 2832 Seeberg
560 2775 605 2816 in
627 2775 747 2816 Zahn
772 2774 1082 2830 Forsohungen
1105 2784 1131 2812 V
1158 2775 1243 2815 330
1265 2774 1350 2814 and
1375 2775 1469 2815 223.
1518 2773 1718 2828 (Arishid.
1745 2776 1768 2815 2
1793 2776 1828 2816 6,

275 2846 424 2888 Herm.
449 2845 554 2887 Sim.
579 2857 629 2886 IX
655 2848 675 2885 1
701 2842 720 2901 ξ
744 2845 800 2899 1.)
