1975 3306
229 168 284 208 40
811 165 1218 206 TERTVLLIANI

231 283 412 338 quidem
436 282 471 323 si
494 282 577 337 ipsi
601 296 645 323 se
669 281 810 322 facere
835 281 1096 336 potuissent,
1122 296 1352 336 nunquam
1376 281 1574 323 homines
1598 281 1797 332 fuissent,

231 360 506 415 possidentes
537 359 701 400 scilicet
731 359 999 400 condicionis
1030 359 1217 401 melioris
1248 364 1531 414 potestatem.
1593 359 1735 414 Igitur
1765 359 1800 400 si

233 444 300 479 est
319 438 393 492 qui
412 437 547 478 faciat
565 437 681 487 deos,
702 443 898 478 reuertor
916 437 972 478 ad
991 451 1145 478 causas
1164 436 1481 478 examinandas
1499 436 1800 478 faciendorum

235 530 287 556 ex
321 515 572 556 hominibus
603 515 798 565 deorum,
831 529 910 556 nec
942 515 1051 556 ullas
1082 515 1272 566 inuenio,
1305 515 1387 556 nisi
1418 515 1453 556 si
1485 515 1726 557 ministeria
1758 520 1803 556 et

232 593 398 635 auxilia
439 592 590 634 officiis
630 592 790 634 diuinis
830 592 1099 634 desiderauit
1137 593 1207 634 ille
1248 608 1433 649 magnus
1473 593 1593 635 deus.
1655 593 1841 641 Primo5

233 671 465 726 indignum
498 676 576 721 est,
612 676 663 712 ut
695 671 877 712 alicuius
910 685 1042 726 opera
1073 671 1301 727 indigeret,
1337 676 1382 713 et
1413 671 1591 726 quidem
1624 672 1800 721 mortui,

235 764 337 790 cum
369 750 542 805 dignius
573 749 628 790 ab
660 749 786 790 initio
818 749 950 790 deum
981 749 1173 804 aliquem
1204 749 1378 790 fecisset
1409 750 1483 804 qui
1515 750 1678 791 mortui
1710 755 1804 790 erat

234 842 415 883 operam
447 827 786 869 desideraturus.
849 827 933 869 Sed
963 842 1043 868 nec
1074 842 1231 882 operae
1261 827 1406 868 locum
1437 827 1579 869 uide0.
1642 828 1804 869 Totum

233 907 353 948 enini
387 907 467 947 hoc
501 906 655 947 mundi
688 921 844 961 corpus
877 907 969 948 siue
1001 907 1206 948 innatum
1240 912 1284 948 et
1315 907 1530 948 infectum
1562 907 1803 948 secundum

234 982 551 1037 Pythagoram,
580 982 672 1022 siue
696 987 854 1023 natum
880 981 1106 1022 factumue
1132 981 1374 1023 secundum
1400 981 1645 1032 Platonem,
1673 982 1803 1023 semel
1828 1000 1871 1022 10

235 1058 392 1113 utique
419 1058 463 1099 in
491 1058 577 1099 ista
606 1058 933 1098 constructione
961 1057 1225 1112 dispositum
1254 1063 1298 1098 et
1325 1057 1593 1099 instructum
1621 1063 1666 1099 et
1693 1057 1804 1098 ordi-

237 1139 396 1175 natum
427 1148 527 1174 cum
558 1133 677 1174 omni
708 1133 890 1174 rationis
921 1132 1216 1188 gubernaculo
1247 1133 1481 1174 inuentum
1513 1138 1591 1174 est.
1640 1133 1805 1188 Imper-

237 1209 406 1250 fectum
433 1223 520 1249 non
548 1209 697 1263 potuit
724 1222 815 1249 esse
837 1208 956 1263 quod
980 1208 1164 1262 perfecit
1191 1208 1352 1249 onmia.
1415 1207 1534 1249 Nihil
1566 1208 1806 1249 Saturnum

235 1291 285 1326 et
320 1284 574 1326 Saturniam
609 1289 785 1339 gentem
822 1283 1101 1338 expectabat.
1163 1283 1276 1324 Vani
1312 1289 1442 1324 erunt
1477 1283 1687 1334 homines,
1725 1284 1806 1325 nisi

236 1360 349 1401 certi
367 1360 457 1401 sint
475 1374 499 1400 a
519 1359 757 1414 primordio
777 1364 820 1400 et
840 1358 1012 1413 pluuias
1030 1358 1084 1399 de
1103 1358 1221 1399 caelo
1240 1359 1375 1400 ruisse
1395 1364 1439 1400 et
1456 1358 1597 1400 sidera
1614 1358 1807 1400 radiasse
1832 1378 1871 1410 15

237 1441 285 1477 et
315 1436 481 1476 lumina
513 1434 707 1477 floruisse
739 1440 783 1475 et
813 1434 1011 1475 tonitrua
1042 1434 1230 1489 mugisse
1262 1439 1306 1475 et
1334 1434 1479 1489 ipsum
1511 1434 1664 1475 Iouem
1695 1449 1808 1489 quae

237 1512 286 1552 in
316 1525 451 1551 manu
481 1510 572 1551 eius
600 1509 811 1564 inponitis
841 1509 1026 1550 fulmina
1056 1509 1266 1559 timuisse,
1297 1509 1405 1550 item
1434 1524 1610 1550 omnem
1639 1510 1808 1566 frugem

237 1592 346 1628 ante
364 1585 570 1627 Liberum
588 1590 632 1626 et
649 1584 846 1626 Cererem
865 1590 909 1625 et
927 1584 1184 1634 Mineruam,
1203 1585 1338 1625 immo
1357 1590 1460 1626 ante
1476 1585 1599 1626 illum
1617 1585 1809 1640 aliquem

239 1660 485 1717 principem
510 1659 733 1700 hominem
759 1659 813 1700 de
839 1665 954 1700 terra
981 1659 1253 1709 exuberasse,
1283 1660 1385 1714 quia
1410 1660 1517 1701 nihil
1544 1661 1809 1702 continendo

239 1741 288 1777 et
312 1734 570 1777 sustinendo
597 1734 763 1775 homini
789 1739 1072 1789 prospectum
1098 1739 1200 1789 post
1225 1734 1447 1775 hominem
1473 1735 1621 1790 potuit
1645 1735 1806 1777 inferri.
1830 1756 1876 1779 20

240 1811 444 1865 Denique
463 1810 680 1851 inuenisse
700 1809 908 1850 dicuntur
926 1809 1168 1850 necessaria
1186 1809 1272 1850 ista
1291 1810 1423 1860 uitae,
1445 1825 1533 1851 non
1552 1811 1807 1852 instituisse.

242 1886 373 1935 Quod
397 1891 548 1927 autem
570 1884 809 1933 inuenitur,
835 1885 932 1934 fuit,
960 1889 1005 1926 et
1028 1884 1147 1939 quod
1171 1884 1268 1934 fuit,
1295 1900 1383 1926 non
1408 1885 1498 1927 eius
1522 1885 1812 1941 deputabitur

240 1961 319 2016 qui
353 1961 537 2010 inuenit,
574 1960 650 2001 sed
685 1960 776 2001 eius
811 1960 886 2014 qui
920 1960 1138 2009 instituit;
1192 1965 1286 2001 erat
1321 1960 1435 2001 enim
1471 1966 1712 2016 antequam
1747 1961 1809 2002 in-

241 2037 481 2078 ueniretur.
543 2035 747 2076 Ceterum
765 2035 800 2076 si
818 2040 1049 2090 propterea
1069 2034 1197 2075 Liber
1215 2035 1322 2076 deus
1340 2035 1459 2090 quod
1477 2036 1615 2077 uitem
1633 2036 1811 2077 demon-

242 2112 419 2161 strauit,
456 2111 568 2152 male
603 2125 702 2152 cum
737 2110 918 2151 Lucullo
953 2115 1103 2151 actum
1138 2115 1216 2157 est,
1253 2111 1328 2165 qui
1362 2110 1529 2165 primus
1563 2111 1725 2152 cerasia
1760 2125 1812 2152 ex
1833 2128 1878 2159 25

244 2187 390 2228 Ponto
415 2186 571 2227 Italiae
595 2185 907 2240 promulgauit,
934 2185 1052 2240 quod
1075 2200 1164 2226 non
1189 2191 1255 2226 est
1278 2191 1510 2240 propterea
1534 2192 1813 2228 consecratus

245 2268 298 2304 ut
323 2262 458 2317 frugis
483 2275 624 2302 nouae
651 2266 818 2310 auctor,
847 2261 922 2315 qui
948 2266 1159 2302 ostensor.
1222 2260 1518 2310 Quamobrem
1544 2262 1578 2303 si
1604 2261 1660 2302 ab
1686 2262 1812 2303 initio

246 2343 293 2378 et
309 2337 526 2378 instructa
545 2340 589 2377 et
606 2336 736 2376 certis
755 2336 1095 2377 exercendorum
1113 2335 1355 2377 officiorum
1373 2350 1550 2377 suorum
1569 2336 1814 2377 rationibus

246 2415 502 2469 dispensata
546 2413 811 2454 uniuersitas
855 2413 1067 2463 constitit,
1114 2418 1247 2455 uacat
1290 2427 1343 2454 ex
1388 2413 1469 2454 hac
1512 2418 1638 2468 parte
1683 2428 1814 2455 causa

246 2488 516 2545 adlegendae
539 2488 830 2528 humanitatis
853 2488 897 2528 in
919 2488 1214 2537 diuinitatem,
1240 2488 1344 2542 quia
1365 2502 1474 2542 quas
1496 2488 1578 2529 illis
1600 2488 1814 2530 stationes
1834 2505 1881 2536 30

246 2569 295 2605 et
312 2568 557 2618 potestates
574 2562 872 2612 distribuistis,
893 2568 985 2603 tam
1004 2550 1183 2603 fuerunt
1199 2562 1255 2603 ab
1272 2562 1397 2603 initio
1416 2577 1550 2617 quam
1569 2568 1613 2604 et
1629 2562 1815 2604 fuissent

246 2638 422 2680 etiamsi
446 2637 550 2678 deos
573 2637 680 2678 istos
704 2651 792 2678 non
816 2637 1054 2678 creassetis.
1116 2636 1201 2678 Sed
1225 2637 1531 2678 conuertimini
1555 2637 1611 2678 ad
1636 2652 1813 2679 causam

246 2713 396 2762 aliam,
446 2711 761 2767 respondentes
809 2711 1103 2753 conlationem
1152 2711 1400 2752 diuinitatis
1448 2713 1704 2753 meritorum
1752 2727 1814 2753 re-

250 2786 624 2828 munerandorum
662 2786 793 2828 fuisse
830 2787 1059 2828 rationem.
1122 2787 1182 2827 Et
1220 2786 1319 2827 hinc
1356 2786 1606 2836 conceditis,
1646 2787 1813 2842 opinor,

249 2862 375 2904 illum
407 2861 539 2902 deum
571 2861 775 2902 deificum
807 2862 977 2902 iustitia
1010 2861 1279 2916 praecellere,
1315 2861 1389 2915 qui
1422 2876 1510 2902 non
1542 2866 1705 2902 temere
1736 2876 1815 2903 nec
1835 2880 1879 2911 35
