1975 3306
309 175 391 215 262
881 172 1287 214 TERTVLLIANI
1545 172 1604 228 [p.
1629 173 1683 213 56
1704 170 1731 211 1.
1757 172 1869 211 22—

308 289 517 330 (lominis:
549 304 666 330 mens
687 289 858 344 quidem
878 289 947 330 sai
967 289 1090 338 iaris,
1112 303 1219 344 qaae
1240 287 1344 331 acleo
1367 287 1502 330 libera
1523 293 1560 329 et
1587 301 1704 342 ‘aa-qa
1731 292 1800 335 est,
1825 291 1871 327 at

308 373 357 400 ne
378 358 430 400 ab
451 358 524 401 hoc
546 359 715 414 quictem
738 374 916 409 carcere,
939 359 1008 401 cai
1028 358 1194 400 inclasa
1215 364 1285 408 est,
1306 357 1438 400 teneri
1466 363 1598 413 queat.
1661 355 1867 397 Prudent.

308 428 434 471 Cath.
460 432 513 470 10
539 432 603 471 22.
666 430 835 486 Ioseph.
867 429 933 471 De
967 429 1074 471 Bell.
1105 429 1199 471 Iud.
1231 441 1265 469 II
1296 431 1321 469 8
1354 430 1405 469 11
1430 443 1491 484 pr.
1514 427 1741 480 (Essenos)
1772 425 1868 467 The

307 500 438 541 world
460 515 485 541 a
507 500 663 556 prison,
687 501 802 542 Terb.
826 501 881 542 ad
904 500 1031 542 Mart.
1057 502 1092 541 2.

267 589 286 619 5
394 585 433 625 p.
458 572 512 612 56
536 570 558 611 l.
584 572 639 611 24
662 582 952 612 EVIGORATA:
985 570 1082 626 pall.
1107 571 1144 611 4.

394 651 745 682 EXANCILLATA:
779 639 853 683 ἱίπ.
879 640 954 695 εἰρ.

394 724 433 765 p.
457 711 511 752 56
536 710 559 751 l.
584 712 636 751 25
662 721 914 752 RESIPISCIT
937 711 1030 751 Ter.
1054 710 1202 751 Afran.
1226 708 1313 752 Cic.
1337 708 1432 750 Liu.
1464 708 1586 764 Prop.
1618 707 1725 748 Plin.
1757 706 1795 748 h.
1826 721 1867 748 n.

306 779 402 821 Tae.
436 778 558 821 Suet.
591 780 720 836 Apul.
755 781 932 822 Metam.
966 792 1053 821 VIII
1087 782 1153 822 31.
1217 779 1366 820 Ambr.
1399 778 1466 819 De
1499 777 1596 818 Elia
1627 783 1672 819 eb
1703 776 1870 818 ieiunio

305 847 395 906 §45
415 850 439 890 f.
462 850 530 903 (of
547 850 742 904 Polemo)
765 856 871 892 certe
892 850 968 892 ille
989 850 1027 891 si
1048 849 1230 905 resipuit
1250 864 1278 890 a
1300 849 1411 898 nino,
1423 846 1519 904 fait
1541 853 1681 889 tamen
1703 862 1870 902 semper

244 936 287 958 10
305 920 553 962 temulentas
573 921 807 976 sacrileyio.
870 921 959 963 Sid.
984 921 1061 977 Ep.
1084 932 1136 961 IX
1159 922 1183 962 6
1208 935 1261 961 m.

394 1004 433 1046 p.
458 992 511 1032 56
535 990 559 1032 l.
584 992 637 1032 26
661 1002 859 1032 PATITVR
890 991 957 1032 De
990 991 1135 1047 Specta.
1160 993 1213 1032 15
1236 1005 1274 1046 p.
1304 988 1356 1030 17
1388 989 1411 1030 l.
1443 991 1468 1031 9
1503 988 1624 1030 Wiss.
1659 1003 1776 1031 nemo
1811 988 1868 1030 ad

306 1060 569 1115 uoluptatem
601 1061 718 1102 uenit
749 1061 840 1103 sine
875 1061 1039 1116 affecta,
1071 1076 1189 1103 nemo
1225 1060 1422 1115 affectam
1455 1059 1545 1101 sine
1578 1058 1744 1101 casibus
1779 1059 1871 1100 suis

301 1131 481 1186 patitur.
544 1130 611 1171 De
641 1130 804 1171 Anima
831 1132 855 1173 9
884 1146 923 1187 p.
947 1133 1032 1173 310
1059 1131 1082 1172 l.
1113 1132 1165 1172 19
1198 1130 1323 1171 Wiss.
1357 1135 1415 1171 est
1445 1129 1567 1171 hodie
1598 1144 1719 1170 soror
1749 1129 1868 1184 apud

306 1215 381 1241 nos
421 1200 732 1242 reaelationum
773 1200 1038 1242 charismata
1078 1203 1242 1250 sortita,
1283 1215 1389 1255 qaas
1439 1199 1486 1240 in
1537 1199 1711 1241 ecclesia
1756 1199 1870 1241 inter

245 1290 286 1321 15
306 1269 523 1311 (lominica
553 1269 775 1311 sollemnia
801 1285 883 1325 per
914 1270 1093 1312 ecstasin
1124 1270 1171 1311 in
1201 1269 1360 1325 spirita
1392 1269 1568 1325 patitur.

394 1354 433 1395 p.
473 1340 526 1381 56
562 1339 585 1380 l.
620 1342 673 1381 27
707 1351 826 1381 DEVS
864 1351 1013 1381 BONVS
1047 1340 1101 1381 ad
1136 1339 1259 1396 Scap.
1297 1341 1320 1380 2
1354 1354 1415 1395 pr.
1453 1354 1527 1380 nos
1567 1354 1701 1380 unum
1741 1338 1868 1381 deum

307 1409 495 1460 colimus,
529 1425 651 1465 quem
692 1426 832 1452 omnes
873 1411 1135 1453 naturaliter
1171 1411 1313 1460 nosti&
1350 1410 1408 1452 ad
1449 1409 1569 1451 caius
1598 1409 1790 1466 falqara
1832 1416 1871 1452 et

308 1480 500 1521 tonitrua
531 1481 862 1531 contremiscitis,
895 1482 953 1523 acl
990 1482 1110 1523 ornias
1143 1481 1341 1537 beneficia
1370 1480 1577 1535 yaucletis.
1641 1480 1707 1522 De
1741 1479 1867 1523 Carn.

309 1549 458 1591 Resur.
482 1551 508 1591 3
531 1564 591 1605 pr.
614 1550 828 1605 quaedam
856 1551 968 1592 enim
1000 1557 1037 1593 et
1065 1557 1225 1592 natura
1248 1556 1346 1592 nota
1366 1556 1474 1600 sant,
1496 1555 1542 1592 ut
1563 1550 1870 1592 immortalitas

242 1637 286 1659 20
308 1619 479 1661 animae
509 1634 633 1675 penes
658 1620 820 1675 plures,
843 1626 888 1661 at
919 1620 1022 1662 deus
1054 1626 1191 1662 noster
1216 1635 1345 1675 penes
1376 1625 1676 1661 omnes...utcw·
1707 1626 1743 1662 et
1775 1635 1867 1662 con-

306 1687 482 1729 scientia
521 1688 675 1743 populi
716 1690 985 1731 contestantis
1026 1689 1152 1731 deam
1193 1688 1370 1731 deornm
1384 1705 1399 1739 ;
1450 1694 1551 1730 utar
1601 1695 1640 1731 et
1690 1689 1870 1744 reliquis

308 1758 596 1800 communibus
617 1759 815 1809 sensibus,
829 1760 902 1815 qai
923 1759 1049 1801 deam
1070 1759 1254 1801 iadicem
1270 1758 1554 1814 praedicant:
1582 1759 1707 1801 ‘oleas
1728 1759 1866 1802 uidet'

308 1833 346 1870 et
369 1828 465 1870 ‘oleo
488 1828 750 1870 commendo?
803 1828 870 1870 De
894 1828 1055 1869 Anima
1073 1830 1097 1869 2
1120 1843 1158 1884 p.
1178 1830 1263 1870 300
1287 1829 1310 1870 l.
1331 1830 1386 1869 24
1409 1827 1533 1869 Wiss.
1556 1828 1628 1870 secl
1650 1834 1688 1870 et
1708 1835 1868 1870 natura

302 1897 510 1953 pleraque
536 1904 823 1953 sayqerantur
851 1899 976 1953 quasi
1005 1908 1055 1940 ae
1080 1898 1252 1954 publico
1281 1913 1415 1948 sensa,
1437 1913 1515 1953 qao
1545 1898 1739 1940 animam
1766 1899 1868 1941 cleas

244 1990 287 2021 25
309 1968 456 2010 dotare
488 1968 692 2023 diqnatas
724 1974 792 2010 est.
856 1968 910 2010 ib.
941 1970 994 2009 41
1026 1983 1065 2025 p.
1094 1970 1179 2011 368
1208 1969 1231 2010 l.
1255 1971 1310 2010 30
1342 1968 1466 2010 Wiss.
1498 1968 1559 2010 sic
1590 1974 1626 2010 et
1657 1969 1869 2011 diuinitas

310 2039 481 2080 animae
502 2039 549 2079 in
568 2040 803 2094 praesaqffl
825 2039 1011 2094 erumpit
1032 2054 1081 2080 ex
1102 2038 1204 2081 bono
1220 2039 1382 2094 priore,
1399 2044 1436 2080 et
1457 2039 1710 2080 conscientia
1732 2039 1801 2081 dei
1820 2039 1868 2080 in

310 2109 596 2151 testimoniam
623 2109 798 2164 prodit:
829 2109 955 2150 ‘deas
986 2109 1136 2150 bonas'
1169 2115 1206 2151 et
1237 2109 1362 2150 ‘cleas
1397 2108 1530 2157 uidet?
1559 2114 1596 2150 et
1627 2109 1725 2150 ‘cleo
1757 2124 1866 2151 com-

310 2179 484 2221 mendo.’
546 2179 659 2220 Adu.
691 2179 820 2221 Marc.
848 2191 863 2220 Ι
895 2182 949 2221 10
975 2179 1045 2220 fin.
1072 2179 1192 2221 habet
1218 2178 1320 2221 deus
1342 2179 1580 2221 testimonia
1594 2194 1607 2228 ,·
1641 2185 1772 2220 totam
1793 2179 1868 2221 hoc

310 2250 420 2304 qaod
441 2265 587 2291 sumas
610 2256 647 2291 et
668 2250 714 2290 in
743 2265 822 2305 qao
850 2265 1006 2291 sumas.
1059 2249 1126 2291 De
1148 2249 1327 2291 Testim.
1350 2249 1494 2291 Anim.
1520 2251 1544 2289 2
1566 2264 1626 2305 pr.
1656 2249 1726 2291 alic
1755 2251 1866 2292 testi-

246 2338 290 2369 30
310 2321 510 2370 moniam,
532 2320 571 2361 si
591 2320 652 2361 ita
676 2320 768 2361 scis.
830 2335 933 2361 nam
965 2326 1002 2361 te
1031 2335 1187 2375 qaoque
1211 2319 1362 2375 palam
1384 2325 1421 2361 et
1443 2325 1530 2361 tota
1560 2319 1760 2369 libertate,
1783 2334 1868 2375 qua

313 2406 393 2432 non
430 2391 525 2432 licet
554 2390 681 2440 nobis,
714 2391 830 2432 domi
863 2405 912 2432 ac
932 2391 1054 2447 foris
1082 2390 1285 2432 audimus
1317 2391 1380 2432 ita
1406 2391 1702 2446 pronuntiare,
1735 2391 1868 2446 ‘qaod

310 2461 413 2502 cleas
434 2460 621 2509 dederit‚'
644 2467 682 2503 et
704 2461 763 2502 ‘si
792 2461 893 2503 deas
924 2461 1239 2503 uoluerit.’...(le
1269 2467 1428 2503 ‘natura
1457 2477 1614 2516 qaoque
1646 2462 1715 2502 (lei
1746 2477 1867 2517 qaem

304 2531 624 2585 praedications,
647 2546 718 2572 nec
741 2537 778 2572 te
801 2532 927 2573 latet:
956 2532 1080 2573 ‘cleas
1103 2532 1253 2582 bonus}
1271 2537 1278 2551 ‘
1294 2532 1396 2573 (leus
1418 2531 1666 2586 benefitcit,'
1689 2537 1763 2573 tna
1785 2547 1868 2573 uox:

310 2606 379 2642 est.
441 2600 507 2642 De
531 2600 625 2643 Cor.
649 2601 777 2642 Milit.
803 2604 827 2643 6
852 2617 910 2657 pr.
941 2602 1112 2656 qnaeris
1140 2602 1275 2657 iqitw‘
1303 2602 1372 2643 (lei
1400 2601 1563 2656 leyem?
1613 2601 1736 2644 habes
1758 2618 1866 2644 com-

245 2684 289 2714 35
313 2686 477 2712 mzmem
506 2672 635 2713 istam
662 2672 708 2712 in
731 2672 901 2727 publico
928 2672 1086 2721 mandi,
1108 2672 1156 2713 in
1184 2671 1454 2714 natzaralibas
1483 2671 1648 2721 tabulis,
1672 2673 1729 2713 acl
1761 2688 1867 2727 qaas

309 2746 346 2782 et
379 2741 593 2795 apostolas
625 2741 729 2782 solet
754 2742 1207 2798 prouocare....ipsam
1238 2742 1364 2783 (leam
1398 2742 1627 2784 secandam
1662 2748 1865 2783 naturam

306 2810 431 2864 prins
447 2810 651 2858 nouimus,
669 2810 741 2852 sed
758 2811 884 2852 deam
901 2812 1167 2866 appellantes
1183 2811 1371 2860 deorum,
1386 2811 1536 2853 bonam
1548 2818 1867 2866 praesumentes

309 2885 346 2921 et
367 2879 552 2920 iadicem
577 2880 831 2923 inuocantes.
896 2881 1038 2938 Pusey
1059 2897 1098 2938 p.
1122 2884 1178 2923 40
1200 2897 1239 2923 n.
1263 2882 1305 2923 Z.
1355 2882 1478 2938 Kaye
1504 2880 1743 2923 164—170.
1767 2883 1863 2924 308.
