1975 3306
263 182 346 221 362
838 179 1245 221 TERTVLLIANI
1468 182 1529 237 [p.
1559 179 1689 221 1021.
1718 182 1827 220 12-

255 311 363 351 pum
399 295 612 338 natalibus
649 295 713 337 uel
750 296 993 350 imperialis
1030 296 1202 338 honoris
1232 297 1383 351 qratia
1414 297 1619 339 circenses
1637 303 1828 352 ‚putaret

261 381 345 408 esse
367 365 646 408 celebrandos.
713 367 765 407 16
789 366 922 420 coepit
943 367 1007 407 ita
1017 365 1300 421 frequentare
1328 366 1552 416 ieiunium,
1575 373 1620 409 ut
1637 368 1826 422 plerum-

261 451 338 491 que
359 437 449 491 ‘ipse
471 437 721 491 impransus
744 436 991 478 conuiuium
1013 436 1210 478 sollemne
1231 437 1321 478 suis
1357 437 1578 479 comitibus
1606 437 1826 479 earlziberet.

263 507 438 548 Maxim.
463 507 598 549 Serm.
632 506 803 563 [Migne
839 506 934 548 P.L.
959 518 1056 547 LVII
1086 508 1189 547 221ἃ
1222 506 1340 561 AS]
1372 507 1489 548 inter
1515 507 1827 549 Ambrosianos

221 594 241 624 5
264 580 318 619 14
349 578 412 632 [in
439 578 580 619 oldest
609 577 811 625 editions,
841 577 1029 618 omitted
1061 576 1105 618 in
1136 577 1297 619 Bened.
1321 577 1405 618 and
1438 577 1588 633 Migne
1619 577 1737 632 A.S.]
1766 593 1827 634 pr.

263 649 431 690 laetitia
454 655 617 704 quanta
638 648 694 689 sit
717 654 981 703 quantusque
1004 662 1228 689 concursus
1246 663 1341 689 cum
1369 648 1645 702 imperatoris
1677 648 1829 689 numdi

261 719 387 760 istius
419 719 583 760 natalis
618 718 893 760 celebrandus
926 723 995 767 est,
1031 717 1127 759 bene
1163 718 1296 759 nostis
1329 724 1409 759 cet.
1475 718 1583 759 Plin.
1619 719 1672 759 aa
1715 718 1827 760 Trai.

263 791 317 831 35
341 791 437 841 (44)
458 789 683 830 sollemnia
715 794 816 830 uota
842 803 926 843 pro
961 788 1251 829 incolumitate
1283 794 1370 836 tua,
1392 803 1477 843 qua
1503 787 1679 842 publica
1710 788 1830 829 salus

263 860 509 907 continetur,
544 865 582 901 et
617 859 891 914 suscepimus,
925 858 1105 907 domine,
1134 859 1308 913 pariter
1339 864 1377 900 et
1407 859 1626 907 soluimus,
1659 859 1831 914 precati

200 947 243 969 10
262 930 369 979 deos,
406 936 447 971 ut
484 930 618 971 uelint
651 944 699 971 ea
731 944 896 983 semper
927 929 1041 970 solui
1072 943 1317 984 semperque
1357 929 1537 983 siqnari.
1602 928 1702 970 ibid.
1745 930 1827 970 102

261 1002 387 1054 (103)
422 1001 534 1042 diem
563 1016 641 1056 quo
674 1001 715 1041 in
753 1006 789 1042 te
822 1000 955 1041 tutela
982 1000 1150 1054 qeneris
1179 999 1359 1041 humani
1380 999 1645 1055 felicissima
1671 1013 1828 1041 succes-

262 1072 376 1113 sione
409 1071 626 1113 translata
656 1077 724 1120 est,
748 1070 889 1112 debita
915 1070 1118 1124 relz'qione
1150 1069 1469 1118 celebrauimus,
1492 1069 1829 1112 commendantes

264 1141 331 1182 dis
353 1141 529 1196 imperii
551 1142 615 1182 tui
646 1140 887 1182 auctoribus
913 1145 951 1181 et
982 1145 1081 1181 uota
1106 1139 1285 1195 publica
1317 1146 1354 1180 et
1383 1140 1561 1193 qaudia.
1625 1139 1722 1181 Tac.
1746 1139 1828 1180 An.

264 1223 313 1252 IV
345 1211 399 1253 70
420 1210 439 1268 ἓ
463 1214 483 1252 1
512 1212 673 1253 C'aesar
701 1211 929 1253 sollemnia
958 1211 1205 1266 incipientis
1227 1211 1334 1251 anni
1354 1210 1573 1252 Kalendis
1595 1210 1828 1252 Ianuariis

201 1300 243 1331 15
263 1283 448 1338 epistula
486 1289 698 1338 precatus.
764 1282 831 1324 On
872 1282 948 1323 the
986 1281 1179 1323 stadium
1223 1281 1308 1323 and
1353 1282 1428 1323 the
1465 1282 1638 1323 theatre
1677 1282 1726 1322 cf.
1761 1280 1828 1322 De

265 1352 460 1409 Spectac,
498 1356 549 1393 18
582 1353 667 1393 and
700 1352 872 1408 passim.

353 1437 390 1477 p.
416 1423 498 1463 102
533 1421 555 1462 l.
582 1423 636 1462 14
670 1432 809 1462 FOCOS
832 1420 887 1461 ad
911 1420 1038 1461 Mart.
1065 1421 1088 1460 2
1113 1420 1179 1471 (of
1205 1435 1230 1460 a
1252 1420 1468 1461 confessor
1490 1419 1534 1460 in
1558 1418 1723 1474 prison)
1746 1433 1829 1459 non

264 1492 384 1534 uides
406 1493 569 1533 alienos
593 1493 698 1541 deos,
725 1508 801 1533 non
826 1490 1088 1546 imagyinibus
1110 1506 1254 1532 eorum
1279 1490 1480 1539 incurris,
1506 1504 1582 1530 non
1607 1489 1829 1530 sollemnes

263 1563 485 1604 nationum
508 1563 598 1603 (lies
620 1563 714 1617 ipsa
736 1561 1031 1603 conantia-tione
1047 1561 1303 1616 participas,
1326 1576 1408 1602 uon
1428 1559 1647 1601 nidoribus
1663 1559 1830 1615 spurcis

200 1653 245 1675 20
268 1632 519 1674 uerberaris.

354 1714 403 1744 IN
437 1714 672 1743 PVBLICVM
705 1717 735 1743 c.
760 1704 815 1742 42
849 1717 887 1757 p.
920 1703 1001 1741 122
1036 1701 1060 1741 l.
1086 1702 1140 1741 14
1174 1716 1255 1741 non
1288 1701 1332 1741 in
1358 1700 1529 1756 publico
1562 1699 1831 1741 Liberalibus

265 1773 490 1816 discumbo.
554 1773 650 1814 Tac.
676 1773 788 1813 Ann.
814 1784 877 1812 XV
902 1771 955 1813 37
981 1787 1040 1828 pr.
1065 1773 1164 1827 ipse,
1187 1788 1266 1827 quo
1291 1772 1427 1826 fidem
1450 1771 1697 1826 calquireret
1721 1770 1828 1811 nihil

266 1860 446 1900 usquam
492 1844 674 1900 perinde
717 1844 876 1885 laetum
918 1843 1010 1891 sibi,
1049 1842 1234 1898 publicis
1277 1843 1378 1884 locis
1419 1848 1582 1884 struere
1628 1841 1830 1884 conuiuia

266 1921 431 1969 totaque
454 1914 552 1956 urbe
574 1914 699 1969 quasi
722 1914 845 1955 domo
871 1913 943 1954 uti.
1007 1912 1176 1968 Ioseph.
1201 1913 1267 1953 De
1291 1912 1397 1953 Bell.
1422 1911 1517 1952 Iud.
1541 1923 1608 1952 VII
1636 1914 1699 1952 10.

201 2007 245 2038 25
354 1997 549 2026 VICATIM
581 1985 650 2026 Ad
689 1985 812 2025 onr.
838 1996 870 2025 ΙΙ
903 1986 939 2025 4.
1004 1983 1173 2025 Sisenn.
1199 1983 1302 2024 Hor.
1328 1983 1423 2024 Liu.
1451 1982 1557 2023 Plin.
1583 1983 1678 2023 Tae.
1705 1981 1827 2022 Suet.

267 2071 341 2112 eg.
366 2055 503 2110 Calig.
528 2057 594 2097 35.

355 2140 393 2181 p.
429 2127 511 2166 102
546 2125 568 2166 l.
602 2128 654 2166 15
688 2135 934 2165 TABERNAE
968 2135 1141 2164 HABITV
1176 2123 1302 2164 Mart.
1327 2135 1413 2163 vm
1438 2124 1489 2164 61
1517 2124 1659 2164 9-10
1689 2129 1831 2163 tonsor

268 2210 399 2250 caupo
431 2211 585 2250 coquus
612 2196 757 2236 temtus
787 2211 867 2236 sua
896 2195 1047 2235 limina
1077 2201 1265 2242 seruant,
1291 2209 1398 2235 »tunc
1426 2194 1567 2234 Roma
1600 2199 1668 2240 est.
1694 2206 1831 2247 nuper

271 2281 426 2321 magma
449 2266 625 2307 taberna
638 2265 743 2320 fuit.

204 2358 248 2390 30
357 2346 686 2376 ABOLEFACERE
719 2335 899 2376 marked
924 2346 953 2377 ※
980 2335 1038 2390 by
1067 2333 1148 2376 LS.
1214 2334 1278 2375 De
1314 2333 1429 2376 Culta.
1455 2333 1574 2374 Fem.
1606 2345 1620 2373 1
1645 2335 1670 2374 3
1694 2333 1828 2374 abole-

260 2403 430 2458 factam
454 2405 590 2458 [more
613 2405 658 2445 in
682 2405 808 2446 Thes.
831 2404 915 2445 and
940 2404 1131 2459 Georges
1154 2403 1217 2444 ed.
1242 2406 1278 2444 8.
1336 2402 1464 2456 AS..]

357 2487 514 2516 LVTVM
537 2476 672 2517 Anth.
692 2475 778 2516 Pal.
798 2487 847 2516 XI
867 2477 892 2516 8
911 2477 1025 2516 3--4
1051 2474 1181 2526 ζῶντί
1201 2491 1288 2527 μοι,
1311 2474 1351 2515 εἴ
1371 2491 1413 2515 τι
1438 2471 1592 2522 θέλεις,
1615 2472 1828 2530 χάρισαι·

269 2544 436 2601 τέφρην
474 2545 519 2587 δὲ
554 2545 789 2599 μεθύω-κων
823 2543 970 2597 πηλὸυ
1004 2539 1219 2597 ποιήσεις,
1255 2541 1383 2599 κούχ’
1420 2541 1441 2584 ὁ
1480 2541 1624 2584 θανὼν
1666 2541 1829 2584 πίεται.

271 2614 334 2657 Cf.
359 2615 471 2656 Plut.
496 2627 529 2656 ΙΙ
553 2617 638 2657 463
653 2631 678 2656 a
701 2616 820 2657 οἴνου
843 2613 990 2666 πηλὸν
1014 2617 1166 2656 ποιεῖν.
1230 2613 1355 2669 Toup
1371 2612 1549 2653 Emend.
1570 2611 1689 2653 Suid.
1708 2623 1741 2652 ΙΙ
1761 2613 1827 2654 66.

206 2703 250 2735 35
271 2684 454 2727 Casaub.
478 2685 581 2727 Ath.
606 2687 702 2727 661.

359 2770 396 2810 p.
422 2756 505 2796 102
529 2755 552 2796 l.
578 2757 631 2797 16
654 2766 951 2796 CATERVATIM
974 2760 1053 2796 cet.
1072 2769 1104 2795 c.
1124 2756 1177 2795 39
1199 2769 1236 2809 p.
1258 2756 1341 2794 114
1360 2753 1383 2794 l.
1402 2755 1456 2794 36
1480 2752 1580 2794 inde
1597 2751 1831 2794 disceditur

274 2839 354 2865 non
375 2824 420 2864 in
443 2831 639 2866 cateruas
661 2825 901 2866 caesionum
924 2838 1052 2879 neque
1073 2823 1117 2864 in
1142 2824 1294 2865 classes
1316 2822 1678 2864 discursationum
1703 2835 1830 2875 neque

272 2895 317 2935 in
338 2895 576 2949 eruptiones
599 2895 892 2936 lasciuiarum.
945 2894 1074 2950 Apul.
1094 2893 1272 2935 Metam.
1293 2904 1325 2933 ΙΙ
1348 2894 1400 2933 18
1424 2907 1461 2947 p.
1486 2893 1540 2933 39
1564 2891 1587 2932 l.
1607 2893 1660 2932 22
1684 2890 1830 2940 Helm,
