<?xml version="1.0" encoding="UTF-8"?>
<!DOCTYPE html PUBLIC "-//W3C//DTD XHTML 1.0 Transitional//EN"
    "http://www.w3.org/TR/xhtml1/DTD/xhtml1-transitional.dtd">
<html xmlns="http://www.w3.org/1999/xhtml" xml:lang="en" lang="en">
 <head>
  <title>
</title>
<meta http-equiv="Content-Type" content="text/html;charset=utf-8" />
  <meta name='ocr-system' content='tesseract 3.04.00' />
  <meta name='ocr-capabilities' content='ocr_page ocr_carea ocr_par ocr_line ocrx_word'/>
</head>
<body>
  <div class='ocr_page' id='page_1' title='image "./qseptimiflorenti00tert_0364.png"; bbox 0 0 1975 3306; ppageno 0'>
   <div class='ocr_carea' id='block_1_1' title="bbox 341 151 1907 210">
    <p class='ocr_par' dir='ltr' id='par_1_1' title="bbox 341 151 1907 210">
     <span class='ocr_line' id='line_1_1' title="bbox 341 151 1907 210; baseline 0.003 -19"><span class='ocrx_word' id='word_1_1' title='bbox 341 151 424 192; x_wconf 79' lang='lat'><strong>340</strong></span> <span class='ocrx_word' id='word_1_2' title='bbox 917 153 1324 195; x_wconf 86' lang='lat' dir='ltr'><strong>TERTVLLIANI</strong></span> <span class='ocrx_word' id='word_1_3' title='bbox 1580 155 1638 210; x_wconf 81' lang='lat' dir='ltr'><strong>[p.</strong></span> <span class='ocrx_word' id='word_1_4' title='bbox 1665 156 1719 196; x_wconf 86' lang='lat'><strong>92</strong></span> <span class='ocrx_word' id='word_1_5' title='bbox 1741 153 1770 196; x_wconf 94' lang='grc'><strong>1.</strong></span> <span class='ocrx_word' id='word_1_6' title='bbox 1795 156 1907 195; x_wconf 87' lang='lat'><strong>21-</strong></span> 
     </span>
    </p>
   </div>
   <div class='ocr_carea' id='block_1_2' title="bbox 275 268 1904 2920">
    <p class='ocr_par' dir='ltr' id='par_1_2' title="bbox 429 268 1207 323">
     <span class='ocr_line' id='line_1_2' title="bbox 429 268 1207 323; baseline 0.004 -15"><span class='ocrx_word' id='word_1_7' title='bbox 429 282 466 323; x_wconf 89' lang='lat' dir='ltr'><strong>p.</strong></span> <span class='ocrx_word' id='word_1_8' title='bbox 492 269 545 309; x_wconf 80' lang='grc'><strong>92</strong></span> <span class='ocrx_word' id='word_1_9' title='bbox 570 268 593 309; x_wconf 90' lang='lat' dir='ltr'><strong>l.</strong></span> <span class='ocrx_word' id='word_1_10' title='bbox 619 270 669 308; x_wconf 84' lang='grc'><strong>21</strong></span> <span class='ocrx_word' id='word_1_11' title='bbox 697 279 747 309; x_wconf 88' lang='lat' dir='ltr'><strong>IN</strong></span> <span class='ocrx_word' id='word_1_12' title='bbox 770 279 1031 310; x_wconf 83' lang='lat' dir='ltr'>PRIMORDIO</span> <span class='ocrx_word' id='word_1_13' title='bbox 1053 284 1084 310; x_wconf 87' lang='lat' dir='ltr'><strong>e.</strong></span> <span class='ocrx_word' id='word_1_14' title='bbox 1112 272 1146 311; x_wconf 93' lang='grc'><strong>1.</strong></span> <span class='ocrx_word' id='word_1_15' title='bbox 1171 271 1207 311; x_wconf 90' lang='grc'><strong>2.</strong></span> 
     </span>
    </p>

    <p class='ocr_par' dir='ltr' id='par_1_3' title="bbox 340 338 1904 536">
     <span class='ocr_line' id='line_1_3' title="bbox 429 338 1902 396; baseline 0.001 -18"><span class='ocrx_word' id='word_1_16' title='bbox 429 352 466 393; x_wconf 90' lang='lat' dir='ltr'><strong>p.</strong></span> <span class='ocrx_word' id='word_1_17' title='bbox 501 339 554 379; x_wconf 98' lang='grc'><strong>92</strong></span> <span class='ocrx_word' id='word_1_18' title='bbox 589 338 612 379; x_wconf 89' lang='lat' dir='ltr'><strong>I.</strong></span> <span class='ocrx_word' id='word_1_19' title='bbox 647 339 700 378; x_wconf 93' lang='grc'><strong>22</strong></span> <span class='ocrx_word' id='word_1_20' title='bbox 734 349 959 380; x_wconf 82' lang='lat' dir='ltr'>SUBIECTA</span> <span class='ocrx_word' id='word_1_21' title='bbox 992 354 1062 380; x_wconf 73' lang='lat' dir='ltr'><strong>see</strong></span> <span class='ocrx_word' id='word_1_22' title='bbox 1095 339 1231 381; x_wconf 79' lang='lat' dir='ltr'>below</span> <span class='ocrx_word' id='word_1_23' title='bbox 1265 339 1303 381; x_wconf 94' lang='lat' dir='ltr'><strong>h.</strong></span> <span class='ocrx_word' id='word_1_24' title='bbox 1331 355 1362 382; x_wconf 83' lang='lat' dir='ltr'><strong>c.</strong></span> <span class='ocrx_word' id='word_1_25' title='bbox 1393 355 1425 382; x_wconf 81' lang='lat' dir='ltr'><strong>c,</strong></span> <span class='ocrx_word' id='word_1_26' title='bbox 1457 340 1510 382; x_wconf 87' lang='lat'><strong>37</strong></span> <span class='ocrx_word' id='word_1_27' title='bbox 1544 356 1582 396; x_wconf 88' lang='lat' dir='ltr'><strong>p.</strong></span> <span class='ocrx_word' id='word_1_28' title='bbox 1616 343 1698 381; x_wconf 78' lang='grc'><strong>108</strong></span> <span class='ocrx_word' id='word_1_29' title='bbox 1731 340 1755 381; x_wconf 92' lang='lat' dir='ltr'><strong>l.</strong></span> <span class='ocrx_word' id='word_1_30' title='bbox 1787 340 1840 380; x_wconf 89' lang='grc'><strong>29</strong></span> <span class='ocrx_word' id='word_1_31' title='bbox 1865 352 1902 379; x_wconf 92' lang='lat' dir='ltr'><strong>n.</strong></span> 
     </span>
     <span class='ocr_line' id='line_1_4' title="bbox 342 406 1904 466; baseline 0.002 -20"><span class='ocrx_word' id='word_1_32' title='bbox 342 406 407 448; x_wconf 82' lang='lat' dir='ltr'><strong>De</strong></span> <span class='ocrx_word' id='word_1_33' title='bbox 443 406 537 449; x_wconf 80' lang='lat' dir='ltr'><strong>Cor.</strong></span> <span class='ocrx_word' id='word_1_34' title='bbox 582 407 711 449; x_wconf 69' lang='lat' dir='ltr'><strong>Milit.</strong></span> <span class='ocrx_word' id='word_1_35' title='bbox 750 411 800 449; x_wconf 91' lang='grc'><strong>11</strong></span> <span class='ocrx_word' id='word_1_36' title='bbox 841 424 876 450; x_wconf 80' lang='lat' dir='ltr'><strong>a.</strong></span> <span class='ocrx_word' id='word_1_37' title='bbox 917 424 969 450; x_wconf 85' lang='lat' dir='ltr'><strong>III.</strong></span> <span class='ocrx_word' id='word_1_38' title='bbox 1005 416 1042 451; x_wconf 87' lang='lat' dir='ltr'><strong>et</strong></span> <span class='ocrx_word' id='word_1_39' title='bbox 1076 425 1178 464; x_wconf 76' lang='lat' dir='ltr'><em>quos</em></span> <span class='ocrx_word' id='word_1_40' title='bbox 1213 410 1403 452; x_wconf 68' lang='lat' dir='ltr'><em>interdiu</em></span> <span class='ocrx_word' id='word_1_41' title='bbox 1437 411 1681 453; x_wconf 70' lang='lat' dir='ltr'><em>eoeorcismis</em></span> <span class='ocrx_word' id='word_1_42' title='bbox 1707 408 1904 466; x_wconf 69' lang='lat' dir='ltr'><em>fayaait,</em></span> 
     </span>
     <span class='ocr_line' id='line_1_5' title="bbox 340 477 1903 536; baseline 0.001 -18"><span class='ocrx_word' id='word_1_43' title='bbox 340 477 525 519; x_wconf 66' lang='lat' dir='ltr'><em>noctibus</em></span> <span class='ocrx_word' id='word_1_44' title='bbox 561 478 807 534; x_wconf 64' lang='lat' dir='ltr'><em>defensabit,</em></span> <span class='ocrx_word' id='word_1_45' title='bbox 842 479 1083 522; x_wconf 68' lang='lat' dir='ltr'><em>incumbens</em></span> <span class='ocrx_word' id='word_1_46' title='bbox 1114 486 1152 521; x_wconf 87' lang='lat' dir='ltr'><strong>et</strong></span> <span class='ocrx_word' id='word_1_47' title='bbox 1184 481 1443 536; x_wconf 72' lang='lat' dir='ltr'><em>requiescens</em></span> <span class='ocrx_word' id='word_1_48' title='bbox 1473 496 1600 536; x_wconf 79' lang='lat' dir='ltr'><em>saper</em></span> <span class='ocrx_word' id='word_1_49' title='bbox 1632 480 1785 529; x_wconf 78' lang='lat' dir='ltr'><em>lonche,</em></span> <span class='ocrx_word' id='word_1_50' title='bbox 1818 494 1903 535; x_wconf 77' lang='lat' dir='ltr'><strong>qua</strong></span> 
     </span>
    </p>

    <p class='ocr_par' dir='ltr' id='par_1_4' title="bbox 299 547 1902 604">
     <span class='ocr_line' id='line_1_6' title="bbox 299 547 1902 604; baseline 0.002 -16"><span class='ocrx_word' id='word_1_51' title='bbox 299 562 318 593; x_wconf 86' lang='lat'><em>5</em></span> <span class='ocrx_word' id='word_1_52' title='bbox 333 547 577 603; x_wconf 61' lang='lat' dir='ltr'><em>peifcssam</em></span> <span class='ocrx_word' id='word_1_53' title='bbox 618 555 676 591; x_wconf 90' lang='lat' dir='ltr'><strong>est</strong></span> <span class='ocrx_word' id='word_1_54' title='bbox 724 549 838 591; x_wconf 84' lang='lat' dir='ltr'><em>latas</em></span> <span class='ocrx_word' id='word_1_55' title='bbox 881 550 1054 592; x_wconf 69' lang='lat' dir='ltr'><strong>Christi.</strong></span> <span class='ocrx_word' id='word_1_56' title='bbox 1119 551 1325 592; x_wconf 75' lang='lat' dir='ltr'><strong>Harnaek</strong></span> <span class='ocrx_word' id='word_1_57' title='bbox 1368 551 1702 593; x_wconf 80' lang='lat' dir='ltr'><strong>Medicinisches</strong></span> <span class='ocrx_word' id='word_1_58' title='bbox 1744 550 1902 604; x_wconf 74' lang='lat' dir='ltr'><strong>(Texte</strong></span> 
     </span>
    </p>

    <p class='ocr_par' dir='ltr' id='par_1_5' title="bbox 342 620 706 674">
     <span class='ocr_line' id='line_1_7' title="bbox 342 620 706 674; baseline 0.011 -17"><span class='ocrx_word' id='word_1_59' title='bbox 342 629 427 658; x_wconf 77' lang='lat' dir='ltr'><strong>vm</strong></span> <span class='ocrx_word' id='word_1_60' title='bbox 461 620 506 670; x_wconf 79' lang='grc'>4)</span> <span class='ocrx_word' id='word_1_61' title='bbox 538 634 577 674; x_wconf 87' lang='lat' dir='ltr'><strong>p.</strong></span> <span class='ocrx_word' id='word_1_62' title='bbox 613 621 706 661; x_wconf 85' lang='lat'><strong>120.</strong></span> 
     </span>
    </p>

    <p class='ocr_par' dir='ltr' id='par_1_6' title="bbox 341 689 1902 889">
     <span class='ocr_line' id='line_1_8' title="bbox 430 689 1901 748; baseline 0.001 -18"><span class='ocrx_word' id='word_1_63' title='bbox 430 703 466 744; x_wconf 85' lang='lat' dir='ltr'><strong>p.</strong></span> <span class='ocrx_word' id='word_1_64' title='bbox 511 691 565 731; x_wconf 89' lang='grc'><strong>92</strong></span> <span class='ocrx_word' id='word_1_65' title='bbox 610 689 633 731; x_wconf 90' lang='lat' dir='ltr'><strong>l.</strong></span> <span class='ocrx_word' id='word_1_66' title='bbox 673 691 727 731; x_wconf 84' lang='grc'><strong>23</strong></span> <span class='ocrx_word' id='word_1_67' title='bbox 770 701 916 731; x_wconf 85' lang='lat' dir='ltr'>METVI</span> <span class='ocrx_word' id='word_1_68' title='bbox 959 690 995 732; x_wconf 81' lang='lat' dir='ltr'><strong>is</strong></span> <span class='ocrx_word' id='word_1_69' title='bbox 1037 698 1114 732; x_wconf 75' lang='lat' dir='ltr'><strong>not</strong></span> <span class='ocrx_word' id='word_1_70' title='bbox 1151 706 1308 748; x_wconf 84' lang='lat' dir='ltr'>wrong.</span> <span class='ocrx_word' id='word_1_71' title='bbox 1372 692 1454 734; x_wconf 81' lang='lat' dir='ltr'><strong>Ou.</strong></span> <span class='ocrx_word' id='word_1_72' title='bbox 1494 692 1582 734; x_wconf 74' lang='lat' dir='ltr'><strong>Col.</strong></span> <span class='ocrx_word' id='word_1_73' title='bbox 1624 692 1750 747; x_wconf 77' lang='lat' dir='ltr'><strong>Verg.</strong></span> <span class='ocrx_word' id='word_1_74' title='bbox 1794 691 1901 731; x_wconf 83' lang='lat' dir='ltr'><strong>Aen.</strong></span> 
     </span>
     <span class='ocr_line' id='line_1_9' title="bbox 341 760 1902 819; baseline 0.001 -19"><span class='ocrx_word' id='word_1_75' title='bbox 341 771 409 800; x_wconf 84' lang='lat' dir='ltr'><strong>VII</strong></span> <span class='ocrx_word' id='word_1_76' title='bbox 443 762 538 802; x_wconf 83' lang='grc'><strong>661.</strong></span> <span class='ocrx_word' id='word_1_77' title='bbox 572 772 660 802; x_wconf 87' lang='lat' dir='ltr'>VIII</span> <span class='ocrx_word' id='word_1_78' title='bbox 692 763 788 803; x_wconf 86' lang='grc'><strong>432.</strong></span> <span class='ocrx_word' id='word_1_79' title='bbox 853 761 948 803; x_wconf 85' lang='lat' dir='ltr'><strong>Liu.</strong></span> <span class='ocrx_word' id='word_1_80' title='bbox 979 773 1103 802; x_wconf 77' lang='lat' dir='ltr'><strong>xxm</strong></span> <span class='ocrx_word' id='word_1_81' title='bbox 1138 765 1162 802; x_wconf 89' lang='lat'>4</span> <span class='ocrx_word' id='word_1_82' title='bbox 1195 762 1214 818; x_wconf 59' lang='grc' dir='ltr'>ξ</span> <span class='ocrx_word' id='word_1_83' title='bbox 1247 761 1282 804; x_wconf 85' lang='grc'><strong>7.</strong></span> <span class='ocrx_word' id='word_1_84' title='bbox 1317 774 1436 803; x_wconf 86' lang='lat' dir='ltr'>XXIV</span> <span class='ocrx_word' id='word_1_85' title='bbox 1467 765 1518 803; x_wconf 71' lang='lat'><strong>:31</strong></span> <span class='ocrx_word' id='word_1_86' title='bbox 1550 762 1569 819; x_wconf 61' lang='grc' dir='ltr'><strong>ξ</strong></span> <span class='ocrx_word' id='word_1_87' title='bbox 1599 764 1623 803; x_wconf 86' lang='grc'><strong>3</strong></span> <span class='ocrx_word' id='word_1_88' title='bbox 1648 768 1727 803; x_wconf 72' lang='lat' dir='ltr'><strong>ete.</strong></span> <span class='ocrx_word' id='word_1_89' title='bbox 1792 760 1902 802; x_wconf 84' lang='lat' dir='ltr'><strong>Plin.</strong></span> 
     </span>
     <span class='ocr_line' id='line_1_10' title="bbox 342 828 1575 889; baseline 0.002 -19"><span class='ocrx_word' id='word_1_90' title='bbox 342 830 418 885; x_wconf 89' lang='lat' dir='ltr'><strong>Ep.</strong></span> <span class='ocrx_word' id='word_1_91' title='bbox 443 841 510 870; x_wconf 80' lang='lat' dir='ltr'><strong>vn</strong></span> <span class='ocrx_word' id='word_1_92' title='bbox 535 830 588 872; x_wconf 86' lang='grc'><strong>27</strong></span> <span class='ocrx_word' id='word_1_93' title='bbox 611 828 631 887; x_wconf 61' lang='grc' dir='ltr'>ξ</span> <span class='ocrx_word' id='word_1_94' title='bbox 654 832 718 872; x_wconf 86' lang='grc'><strong>13.</strong></span> <span class='ocrx_word' id='word_1_95' title='bbox 743 843 831 872; x_wconf 88' lang='lat' dir='ltr'>VIII</span> <span class='ocrx_word' id='word_1_96' title='bbox 856 833 881 872; x_wconf 82' lang='lat'>8</span> <span class='ocrx_word' id='word_1_97' title='bbox 903 831 921 888; x_wconf 65' lang='grc' dir='ltr'>ξ</span> <span class='ocrx_word' id='word_1_98' title='bbox 944 834 980 873; x_wconf 91' lang='grc'><strong>5.</strong></span> <span class='ocrx_word' id='word_1_99' title='bbox 1033 832 1087 873; x_wconf 80' lang='lat' dir='ltr'><strong>ad</strong></span> <span class='ocrx_word' id='word_1_100' title='bbox 1111 832 1222 874; x_wconf 83' lang='lat' dir='ltr'><strong>Trai.</strong></span> <span class='ocrx_word' id='word_1_101' title='bbox 1247 835 1298 875; x_wconf 88' lang='lat'><strong>61</strong></span> <span class='ocrx_word' id='word_1_102' title='bbox 1324 834 1476 887; x_wconf 82' lang='lat'>(=69)</span> <span class='ocrx_word' id='word_1_103' title='bbox 1498 831 1517 889; x_wconf 65' lang='grc' dir='ltr'>ξ</span> <span class='ocrx_word' id='word_1_104' title='bbox 1540 835 1575 873; x_wconf 87' lang='grc'><strong>2.</strong></span> 
     </span>
    </p>

    <p class='ocr_par' dir='ltr' id='par_1_7' title="bbox 276 900 1902 1239">
     <span class='ocr_line' id='line_1_11' title="bbox 276 900 1902 958; baseline 0.002 -20"><span class='ocrx_word' id='word_1_105' title='bbox 276 915 319 937; x_wconf 94' lang='lat'><strong>10</strong></span> <span class='ocrx_word' id='word_1_106' title='bbox 428 914 468 955; x_wconf 89' lang='lat' dir='ltr'><strong>p.</strong></span> <span class='ocrx_word' id='word_1_107' title='bbox 502 901 556 941; x_wconf 89' lang='grc'><strong>92</strong></span> <span class='ocrx_word' id='word_1_108' title='bbox 590 900 613 941; x_wconf 94' lang='grc'><strong>1.</strong></span> <span class='ocrx_word' id='word_1_109' title='bbox 648 902 701 941; x_wconf 88' lang='grc'><strong>25</strong></span> <span class='ocrx_word' id='word_1_110' title='bbox 734 912 887 942; x_wconf 88' lang='lat' dir='ltr'>ODIVM</span> <span class='ocrx_word' id='word_1_111' title='bbox 918 909 998 943; x_wconf 66' lang='lat' dir='ltr'><strong>cet.</strong></span> <span class='ocrx_word' id='word_1_112' title='bbox 1033 901 1193 943; x_wconf 77' lang='lat' dir='ltr'><strong>Minue.</strong></span> <span class='ocrx_word' id='word_1_113' title='bbox 1223 902 1276 943; x_wconf 83' lang='lat'><strong>27</strong></span> <span class='ocrx_word' id='word_1_114' title='bbox 1305 901 1324 958; x_wconf 60' lang='grc' dir='ltr'>ξ</span> <span class='ocrx_word' id='word_1_115' title='bbox 1354 905 1378 945; x_wconf 92' lang='grc'>9</span> <span class='ocrx_word' id='word_1_116' title='bbox 1408 902 1502 944; x_wconf 83' lang='lat' dir='ltr'><em>ideo</em></span> <span class='ocrx_word' id='word_1_117' title='bbox 1524 903 1676 944; x_wconf 76' lang='lat' dir='ltr'><em>inserti</em></span> <span class='ocrx_word' id='word_1_118' title='bbox 1698 901 1902 943; x_wconf 73' lang='lat' dir='ltr'><em>mentibus</em></span> 
     </span>
     <span class='ocr_line' id='line_1_12' title="bbox 339 970 1899 1029; baseline 0.001 -19"><span class='ocrx_word' id='word_1_119' title='bbox 339 970 636 1025; x_wconf 75' lang='lat' dir='ltr'><em>imperitorum</em></span> <span class='ocrx_word' id='word_1_120' title='bbox 680 972 826 1013; x_wconf 80' lang='lat' dir='ltr'><em>odiam</em></span> <span class='ocrx_word' id='word_1_121' title='bbox 867 973 1001 1014; x_wconf 75' lang='lat' dir='ltr'><em>nostri</em></span> <span class='ocrx_word' id='word_1_122' title='bbox 1031 979 1176 1014; x_wconf 77' lang='lat' dir='ltr'><em>serant</em></span> <span class='ocrx_word' id='word_1_123' title='bbox 1212 974 1366 1015; x_wconf 81' lang='lat' dir='ltr'><em>occulte</em></span> <span class='ocrx_word' id='word_1_124' title='bbox 1403 989 1483 1029; x_wconf 75' lang='lat' dir='ltr'><strong>per</strong></span> <span class='ocrx_word' id='word_1_125' title='bbox 1524 974 1734 1015; x_wconf 76' lang='lat' dir='ltr'><em>timorem:</em></span> <span class='ocrx_word' id='word_1_126' title='bbox 1778 977 1899 1013; x_wconf 68' lang='lat' dir='ltr'><em>nata-</em></span> 
     </span>
     <span class='ocr_line' id='line_1_13' title="bbox 343 1032 1901 1099; baseline 0.001 -19"><span class='ocrx_word' id='word_1_127' title='bbox 343 1041 433 1082; x_wconf 73' lang='lat' dir='ltr'><em>rale</em></span> <span class='ocrx_word' id='word_1_128' title='bbox 464 1047 522 1082; x_wconf 85' lang='lat' dir='ltr'><strong>est</strong></span> <span class='ocrx_word' id='word_1_129' title='bbox 546 1042 659 1083; x_wconf 77' lang='lat' dir='ltr'><em>enim</em></span> <span class='ocrx_word' id='word_1_130' title='bbox 691 1048 728 1084; x_wconf 88' lang='lat' dir='ltr'><strong>et</strong></span> <span class='ocrx_word' id='word_1_131' title='bbox 757 1043 893 1084; x_wconf 81' lang='lat' dir='ltr'><em>odisse</em></span> <span class='ocrx_word' id='word_1_132' title='bbox 929 1058 1049 1098; x_wconf 70' lang='lat' dir='ltr'><em>(laem</em></span> <span class='ocrx_word' id='word_1_133' title='bbox 1078 1044 1228 1085; x_wconf 77' lang='lat' dir='ltr'><em>timeas</em></span> <span class='ocrx_word' id='word_1_134' title='bbox 1250 1050 1288 1086; x_wconf 87' lang='lat' dir='ltr'><strong>et</strong></span> <span class='ocrx_word' id='word_1_135' title='bbox 1309 1059 1429 1099; x_wconf 66' lang='lat' dir='ltr'><em>(laem</em></span> <span class='ocrx_word' id='word_1_136' title='bbox 1463 1045 1664 1086; x_wconf 73' lang='lat' dir='ltr'><em>metueris</em></span> <span class='ocrx_word' id='word_1_137' title='bbox 1682 1032 1901 1098; x_wconf 47' lang='lat' dir='ltr'><em>&#39;infestare</em></span> 
     </span>
     <span class='ocr_line' id='line_1_14' title="bbox 340 1112 1902 1170; baseline 0 -18"><span class='ocrx_word' id='word_1_138' title='bbox 340 1112 378 1153; x_wconf 81' lang='lat' dir='ltr'><strong>si</strong></span> <span class='ocrx_word' id='word_1_139' title='bbox 404 1113 554 1166; x_wconf 75' lang='lat' dir='ltr'><strong>possis.</strong></span> <span class='ocrx_word' id='word_1_140' title='bbox 619 1112 706 1154; x_wconf 80' lang='lat' dir='ltr'><strong>Cic.</strong></span> <span class='ocrx_word' id='word_1_141' title='bbox 730 1113 797 1154; x_wconf 81' lang='lat' dir='ltr'><strong>De</strong></span> <span class='ocrx_word' id='word_1_142' title='bbox 831 1113 913 1155; x_wconf 81' lang='lat' dir='ltr'><strong>Off.</strong></span> <span class='ocrx_word' id='word_1_143' title='bbox 945 1125 979 1154; x_wconf 91' lang='lat' dir='ltr'><strong>II</strong></span> <span class='ocrx_word' id='word_1_144' title='bbox 1016 1114 1038 1155; x_wconf 89' lang='grc'>7</span> <span class='ocrx_word' id='word_1_145' title='bbox 1063 1112 1083 1170; x_wconf 60' lang='grc' dir='ltr'><strong>ἓ</strong></span> <span class='ocrx_word' id='word_1_146' title='bbox 1110 1116 1163 1155; x_wconf 76' lang='grc'><strong>23</strong></span> <span class='ocrx_word' id='word_1_147' title='bbox 1187 1130 1305 1169; x_wconf 69' lang='lat' dir='ltr'><em>(laem</em></span> <span class='ocrx_word' id='word_1_148' title='bbox 1329 1121 1529 1164; x_wconf 73' lang='lat' dir='ltr'><em>metuant,</em></span> <span class='ocrx_word' id='word_1_149' title='bbox 1552 1114 1750 1162; x_wconf 74' lang='lat' dir='ltr'><em>cderant;</em></span> <span class='ocrx_word' id='word_1_150' title='bbox 1782 1127 1902 1168; x_wconf 75' lang='lat' dir='ltr'><em>quem</em></span> 
     </span>
     <span class='ocr_line' id='line_1_15' title="bbox 342 1182 1900 1239; baseline 0.001 -18"><span class='ocrx_word' id='word_1_151' title='bbox 342 1182 516 1237; x_wconf 71' lang='lat' dir='ltr'><em>quisque</em></span> <span class='ocrx_word' id='word_1_152' title='bbox 539 1182 639 1233; x_wconf 85' lang='lat' dir='ltr'><em>odit,</em></span> <span class='ocrx_word' id='word_1_153' title='bbox 655 1184 821 1238; x_wconf 77' lang='lat' dir='ltr'><em>perisse</em></span> <span class='ocrx_word' id='word_1_154' title='bbox 843 1185 1007 1239; x_wconf 57' lang='lat' dir='ltr'><strong>expetit.</strong></span> <span class='ocrx_word' id='word_1_155' title='bbox 1072 1184 1352 1226; x_wconf 72' lang='lat' dir='ltr'><strong>Persecution</strong></span> <span class='ocrx_word' id='word_1_156' title='bbox 1369 1184 1454 1226; x_wconf 76' lang='lat' dir='ltr'><strong>due</strong></span> <span class='ocrx_word' id='word_1_157' title='bbox 1478 1191 1522 1225; x_wconf 72' lang='lat' dir='ltr'><strong>‘w</strong></span> <span class='ocrx_word' id='word_1_158' title='bbox 1539 1184 1729 1232; x_wconf 76' lang='lat' dir='ltr'><strong>demons,</strong></span> <span class='ocrx_word' id='word_1_159' title='bbox 1745 1182 1900 1224; x_wconf 69' lang='lat' dir='ltr'><strong>Iustiss.</strong></span> 
     </span>
    </p>

    <p class='ocr_par' dir='ltr' id='par_1_8' title="bbox 277 1251 1899 1435">
     <span class='ocr_line' id='line_1_16' title="bbox 277 1251 1899 1311; baseline 0.002 -21"><span class='ocrx_word' id='word_1_160' title='bbox 277 1268 318 1300; x_wconf 86' lang='lat'><strong>15</strong></span> <span class='ocrx_word' id='word_1_161' title='bbox 340 1251 463 1307; x_wconf 79' lang='lat' dir='ltr'><strong>Apol.</strong></span> <span class='ocrx_word' id='word_1_162' title='bbox 489 1264 503 1292; x_wconf 96' lang='lat' dir='ltr'>I</span> <span class='ocrx_word' id='word_1_163' title='bbox 531 1255 555 1294; x_wconf 88' lang='grc'>5</span> <span class='ocrx_word' id='word_1_164' title='bbox 588 1268 626 1309; x_wconf 92' lang='grc' dir='ltr'><strong>Ρ.</strong></span> <span class='ocrx_word' id='word_1_165' title='bbox 658 1253 743 1295; x_wconf 75' lang='grc' dir='ltr'><strong>55Ἰ.</strong></span> <span class='ocrx_word' id='word_1_166' title='bbox 768 1256 792 1296; x_wconf 88' lang='grc'>9</span> <span class='ocrx_word' id='word_1_167' title='bbox 826 1270 864 1310; x_wconf 92' lang='lat' dir='ltr'><strong>p.</strong></span> <span class='ocrx_word' id='word_1_168' title='bbox 896 1255 977 1296; x_wconf 69' lang='lat'><strong>570.</strong></span> <span class='ocrx_word' id='word_1_169' title='bbox 1008 1257 1060 1295; x_wconf 89' lang='grc'><strong>12</strong></span> <span class='ocrx_word' id='word_1_170' title='bbox 1090 1270 1129 1311; x_wconf 96' lang='grc' dir='ltr'><strong>Ρ.</strong></span> <span class='ocrx_word' id='word_1_171' title='bbox 1155 1254 1240 1297; x_wconf 48' lang='grc'><strong>592.</strong></span> <span class='ocrx_word' id='word_1_172' title='bbox 1264 1257 1320 1296; x_wconf 94' lang='grc'><strong>44</strong></span> <span class='ocrx_word' id='word_1_173' title='bbox 1343 1271 1380 1311; x_wconf 91' lang='lat' dir='ltr'><strong>p.</strong></span> <span class='ocrx_word' id='word_1_174' title='bbox 1406 1258 1558 1308; x_wconf 57' lang='lat'><strong>820&#39;0).</strong></span> <span class='ocrx_word' id='word_1_175' title='bbox 1588 1266 1621 1295; x_wconf 92' lang='lat'><strong>11</strong></span> <span class='ocrx_word' id='word_1_176' title='bbox 1645 1269 1676 1295; x_wconf 83' lang='lat' dir='ltr'><strong>c.</strong></span> <span class='ocrx_word' id='word_1_177' title='bbox 1702 1256 1725 1295; x_wconf 86' lang='lat'>5</span> <span class='ocrx_word' id='word_1_178' title='bbox 1750 1269 1788 1310; x_wconf 88' lang='lat' dir='ltr'><strong>p.</strong></span> <span class='ocrx_word' id='word_1_179' title='bbox 1812 1252 1899 1295; x_wconf 70' lang='lat'><strong>44¹³.</strong></span> 
     </span>
     <span class='ocr_line' id='line_1_17' title="bbox 340 1324 1898 1382; baseline 0.002 -19"><span class='ocrx_word' id='word_1_180' title='bbox 340 1338 371 1363; x_wconf 83' lang='lat' dir='ltr'><strong>c.</strong></span> <span class='ocrx_word' id='word_1_181' title='bbox 406 1325 430 1362; x_wconf 81' lang='grc'><em>8</em></span> <span class='ocrx_word' id='word_1_182' title='bbox 463 1338 502 1378; x_wconf 91' lang='grc' dir='ltr'><strong>Ρ.</strong></span> <span class='ocrx_word' id='word_1_183' title='bbox 536 1325 618 1365; x_wconf 69' lang='lat'><strong>460.</strong></span> <span class='ocrx_word' id='word_1_184' title='bbox 662 1339 694 1366; x_wconf 79' lang='lat' dir='ltr'><strong>c.</strong></span> <span class='ocrx_word' id='word_1_185' title='bbox 730 1327 778 1365; x_wconf 88' lang='lat'><strong>11</strong></span> <span class='ocrx_word' id='word_1_186' title='bbox 816 1341 854 1381; x_wconf 84' lang='lat' dir='ltr'><strong>p.</strong></span> <span class='ocrx_word' id='word_1_187' title='bbox 888 1327 971 1367; x_wconf 56' lang='grc'><strong>498.</strong></span> <span class='ocrx_word' id='word_1_188' title='bbox 997 1328 1081 1367; x_wconf 58' lang='lat'><strong>50²².</strong></span> <span class='ocrx_word' id='word_1_189' title='bbox 1145 1326 1257 1367; x_wconf 76' lang='lat' dir='ltr'><strong>Dial.</strong></span> <span class='ocrx_word' id='word_1_190' title='bbox 1280 1341 1311 1368; x_wconf 83' lang='lat' dir='ltr'><strong>c.</strong></span> <span class='ocrx_word' id='word_1_191' title='bbox 1336 1326 1494 1382; x_wconf 80' lang='lat' dir='ltr'><strong>Tryph.</strong></span> <span class='ocrx_word' id='word_1_192' title='bbox 1519 1328 1585 1368; x_wconf 83' lang='lat'><strong>39.</strong></span> <span class='ocrx_word' id='word_1_193' title='bbox 1649 1325 1766 1366; x_wconf 72' lang='lat' dir='ltr'><strong>Laet.</strong></span> <span class='ocrx_word' id='word_1_194' title='bbox 1797 1324 1898 1366; x_wconf 84' lang='lat' dir='ltr'><strong>Diu.</strong></span> 
     </span>
     <span class='ocr_line' id='line_1_18' title="bbox 341 1393 613 1435; baseline 0.007 -2"><span class='ocrx_word' id='word_1_195' title='bbox 341 1393 469 1435; x_wconf 70' lang='lat' dir='ltr'><strong>Instt.</strong></span> <span class='ocrx_word' id='word_1_196' title='bbox 494 1405 524 1433; x_wconf 89' lang='lat' dir='ltr'><strong>V</strong></span> <span class='ocrx_word' id='word_1_197' title='bbox 548 1396 613 1435; x_wconf 89' lang='grc'><strong>21.</strong></span> 
     </span>
    </p>

    <p class='ocr_par' dir='ltr' id='par_1_9' title="bbox 340 1465 1900 1592">
     <span class='ocr_line' id='line_1_19' title="bbox 428 1465 1899 1523; baseline 0.001 -18"><span class='ocrx_word' id='word_1_198' title='bbox 428 1480 465 1520; x_wconf 87' lang='lat' dir='ltr'><strong>p.</strong></span> <span class='ocrx_word' id='word_1_199' title='bbox 486 1466 540 1506; x_wconf 91' lang='grc'><strong>92</strong></span> <span class='ocrx_word' id='word_1_200' title='bbox 560 1465 583 1506; x_wconf 89' lang='lat' dir='ltr'><strong>l.</strong></span> <span class='ocrx_word' id='word_1_201' title='bbox 605 1467 658 1507; x_wconf 88' lang='grc'><strong>26</strong></span> <span class='ocrx_word' id='word_1_202' title='bbox 678 1477 1111 1508; x_wconf 82' lang='lat' dir='ltr'>PRAEDAMNATIONE</span> <span class='ocrx_word' id='word_1_203' title='bbox 1128 1468 1229 1509; x_wconf 73' lang='lat' dir='ltr'><strong>cult.</strong></span> <span class='ocrx_word' id='word_1_204' title='bbox 1248 1468 1343 1509; x_wconf 76' lang='lat' dir='ltr'><strong>fem.</strong></span> <span class='ocrx_word' id='word_1_205' title='bbox 1364 1481 1397 1510; x_wconf 91' lang='lat' dir='ltr'><strong>II</strong></span> <span class='ocrx_word' id='word_1_206' title='bbox 1416 1469 1442 1508; x_wconf 95' lang='lat'>4</span> <span class='ocrx_word' id='word_1_207' title='bbox 1456 1482 1516 1523; x_wconf 85' lang='lat' dir='ltr'><strong>pr.</strong></span> <span class='ocrx_word' id='word_1_208' title='bbox 1532 1466 1655 1522; x_wconf 85' lang='lat' dir='ltr'><strong>Apol.</strong></span> <span class='ocrx_word' id='word_1_209' title='bbox 1671 1482 1702 1508; x_wconf 83' lang='lat' dir='ltr'><strong>e.</strong></span> <span class='ocrx_word' id='word_1_210' title='bbox 1721 1468 1773 1507; x_wconf 80' lang='grc'><strong>23</strong></span> <span class='ocrx_word' id='word_1_211' title='bbox 1791 1481 1829 1522; x_wconf 92' lang='lat' dir='ltr'><strong>p.</strong></span> <span class='ocrx_word' id='word_1_212' title='bbox 1846 1481 1899 1507; x_wconf 88' lang='lat' dir='ltr'><strong>m.</strong></span> 
     </span>
     <span class='ocr_line' id='line_1_20' title="bbox 340 1534 1900 1592; baseline 0.001 -18"><span class='ocrx_word' id='word_1_213' title='bbox 340 1548 378 1589; x_wconf 86' lang='lat' dir='ltr'><strong>p.</strong></span> <span class='ocrx_word' id='word_1_214' title='bbox 413 1535 467 1574; x_wconf 80' lang='grc'><strong>82</strong></span> <span class='ocrx_word' id='word_1_215' title='bbox 502 1534 524 1575; x_wconf 96' lang='grc'><strong>1.</strong></span> <span class='ocrx_word' id='word_1_216' title='bbox 561 1536 613 1576; x_wconf 83' lang='grc'><strong>19</strong></span> <span class='ocrx_word' id='word_1_217' title='bbox 647 1542 828 1577; x_wconf 69' lang='lat' dir='ltr'><em>renuant</em></span> <span class='ocrx_word' id='word_1_218' title='bbox 860 1536 905 1577; x_wconf 82' lang='lat' dir='ltr'><strong>ob</strong></span> <span class='ocrx_word' id='word_1_219' title='bbox 942 1537 1157 1578; x_wconf 75' lang='lat' dir='ltr'><em>malitiam</em></span> <span class='ocrx_word' id='word_1_220' title='bbox 1183 1537 1523 1592; x_wconf 72' lang='lat' dir='ltr'><em>praedanmatcs</em></span> <span class='ocrx_word' id='word_1_221' title='bbox 1553 1551 1595 1577; x_wconf 89' lang='lat' dir='ltr'><strong>se</strong></span> <span class='ocrx_word' id='word_1_222' title='bbox 1635 1537 1677 1577; x_wconf 74' lang='lat' dir='ltr'><strong>in</strong></span> <span class='ocrx_word' id='word_1_223' title='bbox 1723 1535 1900 1577; x_wconf 75' lang='lat' dir='ltr'><em>eandem</em></span> 
     </span>
    </p>

    <p class='ocr_par' dir='ltr' id='par_1_10' title="bbox 275 1604 1898 1802">
     <span class='ocr_line' id='line_1_21' title="bbox 275 1604 1898 1648; baseline 0.002 -5"><span class='ocrx_word' id='word_1_224' title='bbox 275 1621 320 1642; x_wconf 88' lang='lat'><strong>20</strong></span> <span class='ocrx_word' id='word_1_225' title='bbox 340 1604 494 1646; x_wconf 72' lang='lat' dir='ltr'><em>iudicii</em></span> <span class='ocrx_word' id='word_1_226' title='bbox 525 1605 648 1646; x_wconf 80' lang='lat' dir='ltr'><strong>diem.</strong></span> <span class='ocrx_word' id='word_1_227' title='bbox 713 1605 839 1647; x_wconf 62' lang='lat' dir='ltr'><strong>Maii.</strong></span> <span class='ocrx_word' id='word_1_228' title='bbox 873 1609 898 1647; x_wconf 80' lang='lat'>8</span> <span class='ocrx_word' id='word_1_229' title='bbox 938 1608 1002 1648; x_wconf 91' lang='grc'><strong>29.</strong></span> <span class='ocrx_word' id='word_1_230' title='bbox 1068 1609 1090 1648; x_wconf 93' lang='grc'>2</span> <span class='ocrx_word' id='word_1_231' title='bbox 1128 1607 1219 1648; x_wconf 69' lang='lat' dir='ltr'><strong>Pet.</strong></span> <span class='ocrx_word' id='word_1_232' title='bbox 1255 1609 1278 1647; x_wconf 92' lang='grc'>2</span> <span class='ocrx_word' id='word_1_233' title='bbox 1313 1609 1362 1648; x_wconf 88' lang='grc'>4;</span> <span class='ocrx_word' id='word_1_234' title='bbox 1405 1606 1508 1647; x_wconf 76' lang='lat' dir='ltr'><strong>verb</strong></span> <span class='ocrx_word' id='word_1_235' title='bbox 1540 1606 1628 1647; x_wconf 81' lang='lat' dir='ltr'><strong>also</strong></span> <span class='ocrx_word' id='word_1_236' title='bbox 1662 1606 1727 1647; x_wconf 76' lang='lat' dir='ltr'><strong>De</strong></span> <span class='ocrx_word' id='word_1_237' title='bbox 1760 1605 1898 1647; x_wconf 74' lang='lat' dir='ltr'><strong>Ieiun.</strong></span> 
     </span>
     <span class='ocr_line' id='line_1_22' title="bbox 343 1674 1897 1732; baseline 0.003 -18"><span class='ocrx_word' id='word_1_238' title='bbox 343 1677 395 1715; x_wconf 86' lang='lat'><strong>15</strong></span> <span class='ocrx_word' id='word_1_239' title='bbox 429 1689 488 1729; x_wconf 88' lang='lat' dir='ltr'><strong>pr.</strong></span> <span class='ocrx_word' id='word_1_240' title='bbox 552 1674 619 1716; x_wconf 83' lang='lat' dir='ltr'><strong>De</strong></span> <span class='ocrx_word' id='word_1_241' title='bbox 655 1674 770 1717; x_wconf 71' lang='lat' dir='ltr'><strong>Cult.</strong></span> <span class='ocrx_word' id='word_1_242' title='bbox 804 1676 922 1718; x_wconf 73' lang='lat' dir='ltr'><strong>Fem.</strong></span> <span class='ocrx_word' id='word_1_243' title='bbox 957 1689 971 1717; x_wconf 94' lang='lat' dir='ltr'>I</span> <span class='ocrx_word' id='word_1_244' title='bbox 1007 1679 1030 1718; x_wconf 92' lang='grc'>2</span> <span class='ocrx_word' id='word_1_245' title='bbox 1064 1678 1088 1718; x_wconf 81' lang='lat' dir='ltr'><strong>f.</strong></span> <span class='ocrx_word' id='word_1_246' title='bbox 1152 1677 1219 1718; x_wconf 81' lang='lat' dir='ltr'><strong>De</strong></span> <span class='ocrx_word' id='word_1_247' title='bbox 1250 1677 1398 1718; x_wconf 84' lang='lat' dir='ltr'><strong>Idolol.</strong></span> <span class='ocrx_word' id='word_1_248' title='bbox 1431 1679 1457 1717; x_wconf 92' lang='lat'>4</span> <span class='ocrx_word' id='word_1_249' title='bbox 1490 1692 1527 1732; x_wconf 89' lang='lat' dir='ltr'><strong>p.</strong></span> <span class='ocrx_word' id='word_1_250' title='bbox 1559 1679 1614 1718; x_wconf 73' lang='lat'><strong>313</strong></span> <span class='ocrx_word' id='word_1_251' title='bbox 1645 1677 1667 1718; x_wconf 92' lang='lat' dir='ltr'><strong>l.</strong></span> <span class='ocrx_word' id='word_1_252' title='bbox 1693 1679 1746 1717; x_wconf 89' lang='grc'><strong>22</strong></span> <span class='ocrx_word' id='word_1_253' title='bbox 1772 1677 1897 1718; x_wconf 81' lang='lat' dir='ltr'><strong>VViss.</strong></span> 
     </span>
     <span class='ocr_line' id='line_1_23' title="bbox 342 1745 1068 1802; baseline 0.004 -17"><span class='ocrx_word' id='word_1_254' title='bbox 342 1745 507 1786; x_wconf 70' lang='lat' dir='ltr'><strong>Paulin.</strong></span> <span class='ocrx_word' id='word_1_255' title='bbox 532 1745 628 1786; x_wconf 87' lang='lat' dir='ltr'><strong>Nol.</strong></span> <span class='ocrx_word' id='word_1_256' title='bbox 654 1746 730 1802; x_wconf 88' lang='lat' dir='ltr'><strong>Ep.</strong></span> <span class='ocrx_word' id='word_1_257' title='bbox 757 1749 809 1787; x_wconf 80' lang='lat'><strong>18</strong></span> <span class='ocrx_word' id='word_1_258' title='bbox 835 1746 857 1788; x_wconf 84' lang='lat'><strong>7</strong></span> <span class='ocrx_word' id='word_1_259' title='bbox 875 1748 898 1788; x_wconf 86' lang='lat' dir='ltr'><strong>f.</strong></span> <span class='ocrx_word' id='word_1_260' title='bbox 925 1750 978 1788; x_wconf 86' lang='grc'>25</span> <span class='ocrx_word' id='word_1_261' title='bbox 1004 1750 1027 1788; x_wconf 89' lang='grc'><strong>2</strong></span> <span class='ocrx_word' id='word_1_262' title='bbox 1045 1748 1068 1788; x_wconf 85' lang='lat' dir='ltr'><strong>f.</strong></span> 
     </span>
    </p>

    <p class='ocr_par' dir='ltr' id='par_1_11' title="bbox 341 1816 1899 1941">
     <span class='ocr_line' id='line_1_24' title="bbox 428 1816 1897 1873; baseline 0.001 -17"><span class='ocrx_word' id='word_1_263' title='bbox 428 1831 467 1871; x_wconf 84' lang='lat' dir='ltr'><strong>p.</strong></span> <span class='ocrx_word' id='word_1_264' title='bbox 503 1817 556 1857; x_wconf 88' lang='grc'><strong>92</strong></span> <span class='ocrx_word' id='word_1_265' title='bbox 590 1816 613 1856; x_wconf 89' lang='lat' dir='ltr'><strong>l.</strong></span> <span class='ocrx_word' id='word_1_266' title='bbox 649 1818 702 1856; x_wconf 71' lang='grc'><strong>28</strong></span> <span class='ocrx_word' id='word_1_267' title='bbox 740 1828 1003 1858; x_wconf 79' lang='lat' dir='ltr'>SVCCIDVNT</span> <span class='ocrx_word' id='word_1_268' title='bbox 1045 1817 1111 1859; x_wconf 77' lang='lat' dir='ltr'><strong>De</strong></span> <span class='ocrx_word' id='word_1_269' title='bbox 1156 1817 1302 1859; x_wconf 76' lang='lat' dir='ltr'><strong>Pudio.</strong></span> <span class='ocrx_word' id='word_1_270' title='bbox 1348 1820 1368 1858; x_wconf 96' lang='grc'><strong>1</strong></span> <span class='ocrx_word' id='word_1_271' title='bbox 1414 1832 1451 1873; x_wconf 89' lang='grc' dir='ltr'><strong>Ρ.</strong></span> <span class='ocrx_word' id='word_1_272' title='bbox 1492 1819 1572 1858; x_wconf 91' lang='grc'><strong>221</strong></span> <span class='ocrx_word' id='word_1_273' title='bbox 1610 1817 1634 1858; x_wconf 92' lang='grc'><strong>1.</strong></span> <span class='ocrx_word' id='word_1_274' title='bbox 1680 1819 1732 1858; x_wconf 88' lang='grc'><strong>15</strong></span> <span class='ocrx_word' id='word_1_275' title='bbox 1772 1816 1897 1858; x_wconf 84' lang='lat' dir='ltr'><strong>Wiss.</strong></span> 
     </span>
     <span class='ocr_line' id='line_1_25' title="bbox 341 1885 1899 1941; baseline 0.001 -15"><span class='ocrx_word' id='word_1_276' title='bbox 341 1885 530 1940; x_wconf 69' lang='lat' dir='ltr'><em>quotiens</em></span> <span class='ocrx_word' id='word_1_277' title='bbox 575 1886 719 1928; x_wconf 72' lang='lat' dir='ltr'><em>uolunt</em></span> <span class='ocrx_word' id='word_1_278' title='bbox 760 1887 931 1938; x_wconf 66' lang='lat' dir='ltr'><em>nabunt,</em></span> <span class='ocrx_word' id='word_1_279' title='bbox 965 1903 1012 1929; x_wconf 76' lang='lat' dir='ltr'><strong>ne</strong></span> <span class='ocrx_word' id='word_1_280' title='bbox 1053 1887 1266 1929; x_wconf 69' lang='lat' dir='ltr'><em>moechiae</em></span> <span class='ocrx_word' id='word_1_281' title='bbox 1297 1895 1334 1929; x_wconf 90' lang='lat' dir='ltr'><strong>et</strong></span> <span class='ocrx_word' id='word_1_282' title='bbox 1362 1887 1651 1941; x_wconf 62' lang='lat' dir='ltr'><em>sbi-nicaticni</em></span> <span class='ocrx_word' id='word_1_283' title='bbox 1687 1886 1899 1928; x_wconf 75' lang='lat' dir='ltr'><em>succidere</em></span> 
     </span>
    </p>

    <p class='ocr_par' dir='ltr' id='par_1_12' title="bbox 276 1955 1896 2066">
     <span class='ocr_line' id='line_1_26' title="bbox 276 1955 1896 2009; baseline 0.002 -15"><span class='ocrx_word' id='word_1_284' title='bbox 276 1973 318 2004; x_wconf 83' lang='lat'><strong>25</strong></span> <span class='ocrx_word' id='word_1_285' title='bbox 339 1962 555 2009; x_wconf 70' lang='lat' dir='ltr'><em>ccyantar.</em></span> <span class='ocrx_word' id='word_1_286' title='bbox 618 1955 685 1997; x_wconf 77' lang='lat' dir='ltr'><strong>De</strong></span> <span class='ocrx_word' id='word_1_287' title='bbox 719 1955 812 1998; x_wconf 82' lang='lat' dir='ltr'><strong>Cor.</strong></span> <span class='ocrx_word' id='word_1_288' title='bbox 847 1957 975 1998; x_wconf 69' lang='lat' dir='ltr'><strong>Milit.</strong></span> <span class='ocrx_word' id='word_1_289' title='bbox 1010 1960 1034 1999; x_wconf 75' lang='lat'><strong>(3</strong></span> <span class='ocrx_word' id='word_1_290' title='bbox 1067 1957 1345 2000; x_wconf 76' lang='lat' dir='ltr'><em>conditionem</em></span> <span class='ocrx_word' id='word_1_291' title='bbox 1374 1958 1559 1998; x_wconf 69' lang='lat' dir='ltr'><em>inuitam</em></span> <span class='ocrx_word' id='word_1_292' title='bbox 1587 1957 1776 1998; x_wconf 63' lang='lat' dir='ltr'><em>inanitati</em></span> <span class='ocrx_word' id='word_1_293' title='bbox 1806 1971 1896 1998; x_wconf 73' lang='lat' dir='ltr'><em>sac—</em></span> 
     </span>
     <span class='ocr_line' id='line_1_27' title="bbox 340 2024 500 2066; baseline 0.006 -1"><span class='ocrx_word' id='word_1_294' title='bbox 340 2024 500 2066; x_wconf 72' lang='lat' dir='ltr'><strong>cidisse.</strong></span> 
     </span>
    </p>

    <p class='ocr_par' dir='ltr' id='par_1_13' title="bbox 276 2096 1897 2920">
     <span class='ocr_line' id='line_1_28' title="bbox 430 2096 1893 2152; baseline 0.001 -17"><span class='ocrx_word' id='word_1_295' title='bbox 430 2105 490 2135; x_wconf 87' lang='lat' dir='ltr'><strong>DE</strong></span> <span class='ocrx_word' id='word_1_296' title='bbox 523 2106 793 2144; x_wconf 80' lang='lat' dir='ltr'>LONGINQVO</span> <span class='ocrx_word' id='word_1_297' title='bbox 826 2097 892 2137; x_wconf 72' lang='lat' dir='ltr'><strong>De</strong></span> <span class='ocrx_word' id='word_1_298' title='bbox 926 2097 1073 2138; x_wconf 81' lang='lat' dir='ltr'><strong>Idolol.</strong></span> <span class='ocrx_word' id='word_1_299' title='bbox 1110 2099 1162 2137; x_wconf 88' lang='grc'><strong>12</strong></span> <span class='ocrx_word' id='word_1_300' title='bbox 1196 2112 1234 2152; x_wconf 92' lang='grc' dir='ltr'><strong>Ρ.</strong></span> <span class='ocrx_word' id='word_1_301' title='bbox 1265 2098 1321 2137; x_wconf 90' lang='grc'><strong>44</strong></span> <span class='ocrx_word' id='word_1_302' title='bbox 1351 2097 1374 2138; x_wconf 94' lang='grc'><strong>1.</strong></span> <span class='ocrx_word' id='word_1_303' title='bbox 1410 2099 1430 2137; x_wconf 93' lang='grc'><strong>1</strong></span> <span class='ocrx_word' id='word_1_304' title='bbox 1458 2096 1582 2137; x_wconf 70' lang='lat' dir='ltr'><strong>Wiss.</strong></span> <span class='ocrx_word' id='word_1_305' title='bbox 1635 2096 1847 2152; x_wconf 74' lang='lat' dir='ltr'><strong>Scorpiae.</strong></span> <span class='ocrx_word' id='word_1_306' title='bbox 1874 2098 1893 2136; x_wconf 94' lang='lat'>1</span> 
     </span>
     <span class='ocr_line' id='line_1_29' title="bbox 341 2164 1897 2223; baseline 0.003 -19"><span class='ocrx_word' id='word_1_307' title='bbox 341 2178 378 2218; x_wconf 90' lang='grc' dir='ltr'><strong>Ρ.</strong></span> <span class='ocrx_word' id='word_1_308' title='bbox 415 2165 496 2205; x_wconf 87' lang='grc'><strong>146</strong></span> <span class='ocrx_word' id='word_1_309' title='bbox 533 2164 557 2205; x_wconf 92' lang='lat' dir='ltr'><strong>l.</strong></span> <span class='ocrx_word' id='word_1_310' title='bbox 593 2167 646 2205; x_wconf 85' lang='lat'>14</span> <span class='ocrx_word' id='word_1_311' title='bbox 682 2165 806 2207; x_wconf 76' lang='lat' dir='ltr'><strong>Wiss.</strong></span> <span class='ocrx_word' id='word_1_312' title='bbox 870 2166 936 2207; x_wconf 69' lang='lat' dir='ltr'><strong>De</strong></span> <span class='ocrx_word' id='word_1_313' title='bbox 970 2166 1065 2209; x_wconf 82' lang='lat' dir='ltr'><strong>Cor.</strong></span> <span class='ocrx_word' id='word_1_314' title='bbox 1104 2166 1233 2208; x_wconf 68' lang='lat' dir='ltr'><strong>Milit.</strong></span> <span class='ocrx_word' id='word_1_315' title='bbox 1275 2168 1328 2208; x_wconf 90' lang='lat'><strong>10</strong></span> <span class='ocrx_word' id='word_1_316' title='bbox 1359 2182 1398 2222; x_wconf 91' lang='lat' dir='ltr'><strong>p.</strong></span> <span class='ocrx_word' id='word_1_317' title='bbox 1422 2182 1475 2207; x_wconf 89' lang='grc'><strong>111.</strong></span> <span class='ocrx_word' id='word_1_318' title='bbox 1540 2166 1605 2207; x_wconf 77' lang='lat' dir='ltr'><strong>De</strong></span> <span class='ocrx_word' id='word_1_319' title='bbox 1650 2166 1740 2208; x_wconf 59' lang='lat' dir='ltr'><strong>Pan.</strong></span> <span class='ocrx_word' id='word_1_320' title='bbox 1777 2168 1802 2208; x_wconf 87' lang='lat'>3</span> <span class='ocrx_word' id='word_1_321' title='bbox 1835 2182 1897 2223; x_wconf 86' lang='lat' dir='ltr'><strong>pr.</strong></span> 
     </span>
     <span class='ocr_line' id='line_1_30' title="bbox 341 2233 1896 2292; baseline 0.003 -19"><span class='ocrx_word' id='word_1_322' title='bbox 341 2233 453 2274; x_wconf 81' lang='lat' dir='ltr'><strong>Adu.</strong></span> <span class='ocrx_word' id='word_1_323' title='bbox 485 2233 692 2290; x_wconf 77' lang='lat' dir='ltr'><strong>Hermog.</strong></span> <span class='ocrx_word' id='word_1_324' title='bbox 716 2237 771 2276; x_wconf 89' lang='grc'><strong>44</strong></span> <span class='ocrx_word' id='word_1_325' title='bbox 793 2235 863 2277; x_wconf 89' lang='lat' dir='ltr'><strong>fin.</strong></span> <span class='ocrx_word' id='word_1_326' title='bbox 928 2236 993 2277; x_wconf 69' lang='lat' dir='ltr'><strong>De</strong></span> <span class='ocrx_word' id='word_1_327' title='bbox 1027 2236 1221 2292; x_wconf 69' lang='lat' dir='ltr'><strong>Speebac.</strong></span> <span class='ocrx_word' id='word_1_328' title='bbox 1256 2238 1280 2276; x_wconf 95' lang='grc'><strong>2</strong></span> <span class='ocrx_word' id='word_1_329' title='bbox 1313 2240 1404 2285; x_wconf 76' lang='lat' dir='ltr'><strong>(see</strong></span> <span class='ocrx_word' id='word_1_330' title='bbox 1431 2236 1596 2289; x_wconf 79' lang='lat' dir='ltr'><strong>below).</strong></span> <span class='ocrx_word' id='word_1_331' title='bbox 1660 2235 1713 2276; x_wconf 70' lang='lat' dir='ltr'><strong>Is.</strong></span> <span class='ocrx_word' id='word_1_332' title='bbox 1745 2237 1810 2278; x_wconf 76' lang='lat'><strong>353.</strong></span> <span class='ocrx_word' id='word_1_333' title='bbox 1844 2238 1896 2278; x_wconf 81' lang='lat'><strong>13</strong></span> 
     </span>
     <span class='ocr_line' id='line_1_31' title="bbox 276 2302 1861 2362; baseline 0.002 -17"><span class='ocrx_word' id='word_1_334' title='bbox 276 2323 320 2354; x_wconf 82' lang='lat'><strong>30</strong></span> <span class='ocrx_word' id='word_1_335' title='bbox 341 2302 407 2343; x_wconf 75' lang='lat' dir='ltr'><strong>bis</strong></span> <span class='ocrx_word' id='word_1_336' title='bbox 429 2302 473 2343; x_wconf 89' lang='lat' dir='ltr'><strong>in</strong></span> <span class='ocrx_word' id='word_1_337' title='bbox 496 2303 608 2345; x_wconf 83' lang='lat' dir='ltr'><strong>Adu.</strong></span> <span class='ocrx_word' id='word_1_338' title='bbox 632 2304 727 2346; x_wconf 76' lang='lat' dir='ltr'><strong>Iud.</strong></span> <span class='ocrx_word' id='word_1_339' title='bbox 753 2308 816 2346; x_wconf 80' lang='lat'><strong>13.</strong></span> <span class='ocrx_word' id='word_1_340' title='bbox 880 2306 993 2347; x_wconf 84' lang='lat' dir='ltr'><strong>Adu.</strong></span> <span class='ocrx_word' id='word_1_341' title='bbox 1018 2307 1145 2348; x_wconf 75' lang='lat' dir='ltr'><strong>Marc.</strong></span> <span class='ocrx_word' id='word_1_342' title='bbox 1170 2318 1223 2347; x_wconf 90' lang='lat' dir='ltr'><strong>III</strong></span> <span class='ocrx_word' id='word_1_343' title='bbox 1248 2309 1271 2348; x_wconf 85' lang='lat'>5</span> <span class='ocrx_word' id='word_1_344' title='bbox 1295 2322 1355 2362; x_wconf 85' lang='lat' dir='ltr'><strong>pr.</strong></span> <span class='ocrx_word' id='word_1_345' title='bbox 1419 2305 1598 2349; x_wconf 69' lang='lat' dir='ltr'><strong>Cassian</strong></span> <span class='ocrx_word' id='word_1_346' title='bbox 1623 2306 1727 2348; x_wconf 81' lang='lat' dir='ltr'><strong>Coll.</strong></span> <span class='ocrx_word' id='word_1_347' title='bbox 1753 2318 1801 2347; x_wconf 78' lang='lat' dir='ltr'><strong>XI</strong></span> <span class='ocrx_word' id='word_1_348' title='bbox 1828 2310 1861 2348; x_wconf 94' lang='lat'><strong>1.</strong></span> 
     </span>
     <span class='ocr_line' id='line_1_32' title="bbox 429 2374 1896 2433; baseline 0.003 -19"><span class='ocrx_word' id='word_1_349' title='bbox 429 2388 467 2429; x_wconf 92' lang='grc' dir='ltr'><strong>Ρ.</strong></span> <span class='ocrx_word' id='word_1_350' title='bbox 493 2376 546 2415; x_wconf 86' lang='grc'><strong>92</strong></span> <span class='ocrx_word' id='word_1_351' title='bbox 571 2374 595 2416; x_wconf 89' lang='lat' dir='ltr'><strong>l.</strong></span> <span class='ocrx_word' id='word_1_352' title='bbox 620 2377 673 2416; x_wconf 90' lang='grc'><strong>29</strong></span> <span class='ocrx_word' id='word_1_353' title='bbox 698 2387 758 2416; x_wconf 86' lang='lat' dir='ltr'><strong>DE</strong></span> <span class='ocrx_word' id='word_1_354' title='bbox 782 2388 992 2418; x_wconf 69' lang='lat' dir='ltr'>PROXIMO</span> <span class='ocrx_word' id='word_1_355' title='bbox 1015 2384 1093 2418; x_wconf 71' lang='lat' dir='ltr'><strong>cet.</strong></span> <span class='ocrx_word' id='word_1_356' title='bbox 1118 2377 1184 2418; x_wconf 72' lang='lat' dir='ltr'><strong>De</strong></span> <span class='ocrx_word' id='word_1_357' title='bbox 1208 2377 1402 2433; x_wconf 73' lang='lat' dir='ltr'><strong>Spectac.</strong></span> <span class='ocrx_word' id='word_1_358' title='bbox 1426 2392 1457 2418; x_wconf 84' lang='lat' dir='ltr'><strong>c.</strong></span> <span class='ocrx_word' id='word_1_359' title='bbox 1483 2379 1507 2418; x_wconf 91' lang='grc'><strong>2</strong></span> <span class='ocrx_word' id='word_1_360' title='bbox 1534 2393 1572 2433; x_wconf 89' lang='grc' dir='ltr'><strong>Ρ.</strong></span> <span class='ocrx_word' id='word_1_361' title='bbox 1598 2379 1621 2417; x_wconf 92' lang='grc'><strong>2</strong></span> <span class='ocrx_word' id='word_1_362' title='bbox 1646 2377 1668 2418; x_wconf 88' lang='lat' dir='ltr'><strong>l.</strong></span> <span class='ocrx_word' id='word_1_363' title='bbox 1694 2379 1746 2419; x_wconf 82' lang='grc'><strong>26</strong></span> <span class='ocrx_word' id='word_1_364' title='bbox 1772 2377 1896 2419; x_wconf 80' lang='lat' dir='ltr'><strong>VViss.</strong></span> 
     </span>
     <span class='ocr_line' id='line_1_33' title="bbox 341 2443 1895 2503; baseline 0.004 -20"><span class='ocrx_word' id='word_1_365' title='bbox 341 2443 392 2485; x_wconf 85' lang='lat' dir='ltr'><strong>de</strong></span> <span class='ocrx_word' id='word_1_366' title='bbox 424 2444 660 2500; x_wconf 62' lang='lat' dir='ltr'><em>lonfflnqzw,</em></span> <span class='ocrx_word' id='word_1_367' title='bbox 693 2461 775 2487; x_wconf 69' lang='lat' dir='ltr'><strong>von</strong></span> <span class='ocrx_word' id='word_1_368' title='bbox 804 2446 854 2487; x_wconf 87' lang='lat' dir='ltr'><strong>de</strong></span> <span class='ocrx_word' id='word_1_369' title='bbox 885 2447 1092 2501; x_wconf 54' lang='lat' dir='ltr'><strong>promulo.</strong></span> <span class='ocrx_word' id='word_1_370' title='bbox 1156 2462 1187 2488; x_wconf 81' lang='lat' dir='ltr'><strong>c.</strong></span> <span class='ocrx_word' id='word_1_371' title='bbox 1217 2449 1272 2489; x_wconf 86' lang='lat'><strong>30</strong></span> <span class='ocrx_word' id='word_1_372' title='bbox 1300 2462 1361 2503; x_wconf 84' lang='lat' dir='ltr'><strong>pr.</strong></span> <span class='ocrx_word' id='word_1_373' title='bbox 1424 2447 1493 2488; x_wconf 82' lang='lat' dir='ltr'><strong>Ad</strong></span> <span class='ocrx_word' id='word_1_374' title='bbox 1522 2447 1647 2488; x_wconf 85' lang='lat' dir='ltr'><strong>onr.</strong></span> <span class='ocrx_word' id='word_1_375' title='bbox 1679 2458 1693 2487; x_wconf 91' lang='grc' dir='ltr'>Ι</span> <span class='ocrx_word' id='word_1_376' title='bbox 1725 2450 1760 2488; x_wconf 81' lang='grc'><strong>8.</strong></span> <span class='ocrx_word' id='word_1_377' title='bbox 1792 2459 1825 2487; x_wconf 92' lang='lat' dir='ltr'><strong>II</strong></span> <span class='ocrx_word' id='word_1_378' title='bbox 1859 2449 1895 2489; x_wconf 79' lang='lat'><strong>3.</strong></span> 
     </span>
     <span class='ocr_line' id='line_1_34' title="bbox 343 2512 1894 2572; baseline 0.003 -19"><span class='ocrx_word' id='word_1_379' title='bbox 343 2513 408 2554; x_wconf 76' lang='lat' dir='ltr'><strong>De</strong></span> <span class='ocrx_word' id='word_1_380' title='bbox 452 2512 567 2555; x_wconf 73' lang='lat' dir='ltr'><strong>Cult.</strong></span> <span class='ocrx_word' id='word_1_381' title='bbox 607 2513 725 2555; x_wconf 76' lang='lat' dir='ltr'><strong>Fem.</strong></span> <span class='ocrx_word' id='word_1_382' title='bbox 766 2527 797 2555; x_wconf 93' lang='lat' dir='ltr'><strong>II</strong></span> <span class='ocrx_word' id='word_1_383' title='bbox 833 2518 868 2557; x_wconf 81' lang='lat'><strong>9.</strong></span> <span class='ocrx_word' id='word_1_384' title='bbox 932 2516 1061 2572; x_wconf 82' lang='lat' dir='ltr'><strong>Apul.</strong></span> <span class='ocrx_word' id='word_1_385' title='bbox 1086 2516 1272 2558; x_wconf 56' lang='lat' dir='ltr'><strong>-Metanm</strong></span> <span class='ocrx_word' id='word_1_386' title='bbox 1311 2528 1345 2557; x_wconf 93' lang='lat' dir='ltr'><strong>II</strong></span> <span class='ocrx_word' id='word_1_387' title='bbox 1380 2518 1415 2557; x_wconf 89' lang='grc'><strong>4.</strong></span> <span class='ocrx_word' id='word_1_388' title='bbox 1456 2519 1506 2557; x_wconf 94' lang='grc'><strong>21</strong></span> <span class='ocrx_word' id='word_1_389' title='bbox 1542 2532 1602 2572; x_wconf 84' lang='lat' dir='ltr'><strong>pr.</strong></span> <span class='ocrx_word' id='word_1_390' title='bbox 1639 2529 1688 2557; x_wconf 80' lang='lat' dir='ltr'><strong>XI</strong></span> <span class='ocrx_word' id='word_1_391' title='bbox 1723 2519 1758 2559; x_wconf 80' lang='lat'><strong>6.</strong></span> <span class='ocrx_word' id='word_1_392' title='bbox 1794 2519 1847 2559; x_wconf 88' lang='grc'><strong>23</strong></span> <span class='ocrx_word' id='word_1_393' title='bbox 1871 2518 1894 2558; x_wconf 90' lang='lat' dir='ltr'><strong>f.</strong></span> 
     </span>
     <span class='ocr_line' id='line_1_35' title="bbox 344 2582 1893 2642; baseline 0.004 -20"><span class='ocrx_word' id='word_1_394' title='bbox 344 2582 501 2624; x_wconf 81' lang='lat' dir='ltr'><strong>Minue.</strong></span> <span class='ocrx_word' id='word_1_395' title='bbox 537 2584 588 2624; x_wconf 84' lang='grc'><strong>27</strong></span> <span class='ocrx_word' id='word_1_396' title='bbox 621 2582 640 2639; x_wconf 64' lang='grc' dir='ltr'>ξ</span> <span class='ocrx_word' id='word_1_397' title='bbox 673 2586 696 2625; x_wconf 85' lang='grc'>9</span> <span class='ocrx_word' id='word_1_398' title='bbox 733 2584 998 2626; x_wconf 59' lang='grc' dir='ltr'><strong>ΟΙι»)·ἰ”.ςίῑ”αη()8</strong></span> <span class='ocrx_word' id='word_1_399' title='bbox 1029 2586 1079 2627; x_wconf 85' lang='lat' dir='ltr'><strong>de</strong></span> <span class='ocrx_word' id='word_1_400' title='bbox 1104 2587 1304 2641; x_wconf 70' lang='lat' dir='ltr'><strong>prcoeimo</strong></span> <span class='ocrx_word' id='word_1_401' title='bbox 1325 2586 1536 2642; x_wconf 72' lang='lat' dir='ltr'><em>fayitcwt,</em></span> <span class='ocrx_word' id='word_1_402' title='bbox 1569 2602 1669 2641; x_wconf 75' lang='lat' dir='ltr'><strong>quos</strong></span> <span class='ocrx_word' id='word_1_403' title='bbox 1701 2587 1820 2641; x_wconf 65' lang='lat' dir='ltr'><em>lonqe</em></span> <span class='ocrx_word' id='word_1_404' title='bbox 1852 2588 1893 2628; x_wconf 75' lang='lat' dir='ltr'><strong>in</strong></span> 
     </span>
     <span class='ocr_line' id='line_1_36' title="bbox 277 2652 1805 2711; baseline 0.001 -17"><span class='ocrx_word' id='word_1_405' title='bbox 277 2667 320 2698; x_wconf 87' lang='lat'><strong>35</strong></span> <span class='ocrx_word' id='word_1_406' title='bbox 342 2652 519 2694; x_wconf 71' lang='lat' dir='ltr'><em>coetibus</em></span> <span class='ocrx_word' id='word_1_407' title='bbox 534 2668 616 2707; x_wconf 75' lang='lat' dir='ltr'><strong>per</strong></span> <span class='ocrx_word' id='word_1_408' title='bbox 641 2669 711 2695; x_wconf 79' lang='lat' dir='ltr'><strong>acs</strong></span> <span class='ocrx_word' id='word_1_409' title='bbox 734 2654 996 2696; x_wconf 73' lang='lat' dir='ltr'><strong>lacessebant.</strong></span> <span class='ocrx_word' id='word_1_410' title='bbox 1061 2655 1266 2696; x_wconf 77' lang='lat' dir='ltr'><strong>Harnack</strong></span> <span class='ocrx_word' id='word_1_411' title='bbox 1289 2656 1446 2707; x_wconf 68' lang='lat' dir='ltr'><strong>(Texte</strong></span> <span class='ocrx_word' id='word_1_412' title='bbox 1472 2667 1557 2696; x_wconf 78' lang='lat' dir='ltr'>VIII</span> <span class='ocrx_word' id='word_1_413' title='bbox 1582 2658 1626 2706; x_wconf 72' lang='lat'>4)</span> <span class='ocrx_word' id='word_1_414' title='bbox 1649 2671 1687 2711; x_wconf 89' lang='lat' dir='ltr'><strong>p.</strong></span> <span class='ocrx_word' id='word_1_415' title='bbox 1714 2658 1805 2697; x_wconf 84' lang='lat'><strong>121.</strong></span> 
     </span>
     <span class='ocr_line' id='line_1_37' title="bbox 433 2724 1894 2780; baseline 0.004 -19"><span class='ocrx_word' id='word_1_416' title='bbox 433 2733 539 2762; x_wconf 84' lang='lat' dir='ltr'>VICE</span> <span class='ocrx_word' id='word_1_417' title='bbox 568 2737 599 2763; x_wconf 83' lang='lat' dir='ltr'><strong>c.</strong></span> <span class='ocrx_word' id='word_1_418' title='bbox 625 2725 679 2763; x_wconf 83' lang='lat'>34</span> <span class='ocrx_word' id='word_1_419' title='bbox 711 2738 770 2779; x_wconf 85' lang='lat' dir='ltr'><strong>pr.</strong></span> <span class='ocrx_word' id='word_1_420' title='bbox 798 2739 837 2764; x_wconf 91' lang='lat' dir='ltr'><strong>n.</strong></span> <span class='ocrx_word' id='word_1_421' title='bbox 871 2724 940 2765; x_wconf 84' lang='lat' dir='ltr'><strong>dei</strong></span> <span class='ocrx_word' id='word_1_422' title='bbox 974 2725 1070 2766; x_wconf 80' lang='lat' dir='ltr'><em>aice.</em></span> <span class='ocrx_word' id='word_1_423' title='bbox 1134 2725 1201 2766; x_wconf 80' lang='lat' dir='ltr'><strong>De</strong></span> <span class='ocrx_word' id='word_1_424' title='bbox 1228 2725 1375 2766; x_wconf 85' lang='lat' dir='ltr'><strong>Id‹›lol.</strong></span> <span class='ocrx_word' id='word_1_425' title='bbox 1412 2727 1463 2768; x_wconf 87' lang='grc'><strong>12</strong></span> <span class='ocrx_word' id='word_1_426' title='bbox 1497 2740 1534 2780; x_wconf 94' lang='lat' dir='ltr'><strong>p.</strong></span> <span class='ocrx_word' id='word_1_427' title='bbox 1569 2726 1624 2765; x_wconf 90' lang='grc'><strong>44</strong></span> <span class='ocrx_word' id='word_1_428' title='bbox 1657 2725 1679 2766; x_wconf 94' lang='grc'><strong>1.</strong></span> <span class='ocrx_word' id='word_1_429' title='bbox 1716 2728 1736 2765; x_wconf 92' lang='grc'><strong>1</strong></span> <span class='ocrx_word' id='word_1_430' title='bbox 1770 2725 1894 2767; x_wconf 82' lang='lat' dir='ltr'><strong>Wiss.</strong></span> 
     </span>
     <span class='ocr_line' id='line_1_38' title="bbox 343 2791 1893 2848; baseline 0.003 -17"><span class='ocrx_word' id='word_1_431' title='bbox 343 2791 409 2832; x_wconf 74' lang='lat' dir='ltr'><strong>De</strong></span> <span class='ocrx_word' id='word_1_432' title='bbox 444 2791 533 2833; x_wconf 72' lang='lat' dir='ltr'><strong>Pat.</strong></span> <span class='ocrx_word' id='word_1_433' title='bbox 561 2795 580 2832; x_wconf 88' lang='lat'>1</span> <span class='ocrx_word' id='word_1_434' title='bbox 616 2808 653 2848; x_wconf 87' lang='lat' dir='ltr'><strong>p.</strong></span> <span class='ocrx_word' id='word_1_435' title='bbox 684 2796 703 2833; x_wconf 91' lang='lat'>1</span> <span class='ocrx_word' id='word_1_436' title='bbox 742 2793 764 2834; x_wconf 95' lang='grc'><strong>1.</strong></span> <span class='ocrx_word' id='word_1_437' title='bbox 795 2792 845 2834; x_wconf 83' lang='lat'><strong>17</strong></span> <span class='ocrx_word' id='word_1_438' title='bbox 872 2793 946 2835; x_wconf 73' lang='grc' dir='ltr'><strong>ΚΓ.</strong></span> <span class='ocrx_word' id='word_1_439' title='bbox 1009 2794 1110 2836; x_wconf 76' lang='lat' dir='ltr'><strong>Sall.</strong></span> <span class='ocrx_word' id='word_1_440' title='bbox 1145 2794 1242 2836; x_wconf 67' lang='lat' dir='ltr'><strong>hist.</strong></span> <span class='ocrx_word' id='word_1_441' title='bbox 1278 2806 1325 2835; x_wconf 87' lang='lat' dir='ltr'><strong>IV</strong></span> <span class='ocrx_word' id='word_1_442' title='bbox 1360 2795 1426 2836; x_wconf 84' lang='lat' dir='ltr'><strong>Fr.</strong></span> <span class='ocrx_word' id='word_1_443' title='bbox 1461 2795 1513 2836; x_wconf 81' lang='lat'><strong>67</strong></span> <span class='ocrx_word' id='word_1_444' title='bbox 1537 2795 1638 2848; x_wconf 74' lang='lat' dir='ltr'><strong>(but</strong></span> <span class='ocrx_word' id='word_1_445' title='bbox 1671 2795 1893 2836; x_wconf 80' lang='lat' dir='ltr'><strong>Maurenb.</strong></span> 
     </span>
     <span class='ocr_line' id='line_1_39' title="bbox 347 2862 1895 2920; baseline 0.003 -19"><span class='ocrx_word' id='word_1_446' title='bbox 347 2862 507 2914; x_wconf 73' lang='lat' dir='ltr'><strong>uicem).</strong></span> <span class='ocrx_word' id='word_1_447' title='bbox 571 2862 657 2904; x_wconf 87' lang='lat' dir='ltr'><strong>Cic.</strong></span> <span class='ocrx_word' id='word_1_448' title='bbox 699 2862 752 2903; x_wconf 84' lang='lat' dir='ltr'><strong>ad</strong></span> <span class='ocrx_word' id='word_1_449' title='bbox 796 2863 930 2904; x_wconf 70' lang='lat' dir='ltr'><strong>Attio.</strong></span> <span class='ocrx_word' id='word_1_450' title='bbox 970 2876 1000 2904; x_wconf 81' lang='lat' dir='ltr'>x</span> <span class='ocrx_word' id='word_1_451' title='bbox 1039 2866 1063 2905; x_wconf 78' lang='grc'>8</span> <span class='ocrx_word' id='word_1_452' title='bbox 1106 2864 1425 2920; x_wconf 64' lang='lat' dir='ltr'><strong>Sardanapalli</strong></span> <span class='ocrx_word' id='word_1_453' title='bbox 1466 2866 1556 2907; x_wconf 70' lang='lat' dir='ltr'><em>nice</em></span> <span class='ocrx_word' id='word_1_454' title='bbox 1592 2864 1693 2918; x_wconf 68' lang='lat' dir='ltr'>(but</span> <span class='ocrx_word' id='word_1_455' title='bbox 1735 2864 1895 2905; x_wconf 72' lang='lat' dir='ltr'>Mfiller</span> 
     </span>
    </p>
   </div>
  </div>
 </body>
</html>
