1975 3306
307 134 391 174 280
882 133 1287 175 TERTVLLIANI
1571 134 1629 190 [p.
1655 136 1707 176 66
1729 134 1756 176 l.
1781 135 1865 176 4—

393 263 431 304 p.
456 251 509 291 66
534 249 557 290 l.
580 251 607 290 4
630 260 955 290 DIVINATIONIS
984 249 1032 291 ef.
1056 250 1123 291 De
1146 249 1308 291 Anima
1330 252 1385 291 28
1408 265 1468 306 pr.
1491 250 1624 292 multo
1647 251 1865 306 antiquior

304 317 472 374 Ilffoyses
493 318 623 361 etiam
645 318 834 361 Saturno
855 319 1076 374 noozyentis
1098 320 1271 361 circiter
1292 320 1430 368 anuis,
1446 319 1602 361 nedum
1617 320 1864 376 pronepoti-

304 388 378 430 bus
407 389 506 439 eius,
530 394 636 431 certe
663 388 896 430 diuinior
923 389 1067 438 multo,
1091 390 1164 444 qui
1189 389 1390 431 decursus
1412 389 1580 444 yeneris
1606 389 1785 431 humani
1812 389 1864 431 ab

305 458 475 500 exordio
498 458 651 500 mundi
671 474 831 515 quoque
846 473 928 514 per
949 459 1146 515 sinyulas
1166 460 1416 501 natiuitates
1438 460 1691 501 nominatim
1708 466 1863 516 tempo·

263 545 282 576 5
304 529 515 584 ratimque
537 528 722 583 diyessit‚
738 529 845 570 satis
861 529 1052 584 probans
1075 529 1301 584 [probatas
1316 529 1442 570 Wiss.
1473 528 1592 583 A.S.]
1614 529 1862 571 diuinita-

304 604 404 640 bem
429 598 570 653 operis
590 613 639 640 ea·
664 597 994 640 diuinatione
1019 599 1140 640 uocis.
1205 597 1268 641 Cf.
1292 598 1410 654 Orig.
1434 605 1566 640 contr.
1595 598 1704 642 Cels.
1735 611 1783 640 VI
1809 601 1863 640 10

302 683 340 724 p.
370 670 451 709 281
482 669 506 710 f.
538 667 586 710 τὸ
615 667 700 725 Γγὰρ
727 667 1056 725 χαρακτηρίζον
1090 668 1170 722 τὴν
1201 667 1392 721 θεότητα
1422 670 1447 722 ἡ
1476 669 1577 726 περὶ
1606 668 1864 724 μελλόντων

303 738 425 780 ἐστὶν
450 737 794 793 ἀπαγγελίαλού
816 738 913 781 κατ’
937 738 1218 794 ἀνθρωπίνην
1240 738 1378 796 φύσιν
1400 739 1649 793 λεγομένων
1671 740 1744 781 καὶ
1767 742 1862 784 ταῖς

303 808 525 860 ἐκβάσεσι
542 807 807 864 κρινομένων
829 808 896 850 ὅτι
915 809 1032 851 θεῖον
1049 812 1223 861 πνεῦμα
1241 807 1295 861 ἦν
1317 808 1366 851 τὸ
1390 812 1533 851 ταῦτα
1556 808 1861 864 ἀπανγνγέλλον.

239 896 282 918 10
303 878 501 919 Semisch
521 890 536 919 Ι
556 880 640 920 264
662 878 770 920 cites
794 879 902 920 Plan.
927 879 1041 920 Men.
1059 894 1091 920 c.
1111 880 1177 920 41.
1221 878 1309 921 Cic.
1332 879 1399 920 De
1422 879 1619 921 Diuinat.
1643 891 1659 920 I
1676 894 1708 921 c.
1733 881 1786 920 52
1802 894 1861 935 sq.

303 948 402 990 Sen.
434 948 557 990 Suas.
589 950 626 990 4.
690 949 771 990 Ios.
805 949 955 1005 Antiq.
987 961 1037 990 XI
1070 952 1091 990 1
1126 947 1145 1005 ἓ
1179 952 1213 990 1.
1268 961 1356 990 XIII
1386 951 1440 991 10
1471 947 1490 1006 ξ
1523 949 1557 991 7.
1612 961 1676 991 XV
1708 952 1762 992 10
1783 948 1802 1007 ξ
1825 952 1861 991 5.

303 1017 438 1061 Clem.
459 1019 582 1060 Alex,
602 1018 760 1060 Strom.
780 1031 794 1060 Ι
817 1018 836 1076 ἓ
859 1022 954 1061 181.
1008 1019 1096 1060 Hil.
1116 1019 1182 1061 De
1206 1019 1321 1060 Trin.
1341 1031 1355 1060 Ι
1381 1021 1416 1061 9.
1470 1019 1588 1061 Laot.
1608 1019 1707 1061 Diu.
1732 1019 1860 1061 Instt.

303 1101 371 1129 VII
390 1092 415 1130 8
432 1087 451 1146 ἓ
471 1091 525 1131 10
543 1104 694 1131 uerum
715 1090 832 1132 nobis
858 1090 1125 1132 diuinatione
1147 1105 1250 1145 opus
1271 1105 1353 1132 non
1376 1096 1445 1139 est,
1467 1090 1616 1146 quibus
1638 1091 1862 1132 ueritatem

302 1159 514 1202 diuinitas
535 1161 634 1215 ipsa
649 1160 863 1216 patefecit,

240 1246 280 1277 15
389 1244 428 1286 p.
453 1231 507 1271 66
530 1230 571 1271 ll.
595 1232 708 1272 4-6
743 1230 873 1272 Same
906 1236 1139 1287 argument,
1171 1230 1217 1271 in
1247 1230 1432 1272 Barnab.
1465 1231 1540 1286 Ep.
1569 1242 1583 1271 Ι
1613 1230 1632 1287 ξ
1665 1230 1687 1272 ’7
1720 1230 1861 1271 where

302 1298 508 1340 Ham-acl<
536 1298 644 1341 cibes
673 1299 830 1341 lustin.
854 1300 978 1356 Apol.
1003 1312 1017 1341 Ι
1049 1302 1102 1341 52
1133 1315 1171 1356 p.
1196 1299 1280 1341 87³⁴.
1342 1300 1567 1356 Theophil.
1592 1312 1607 1340 I
1637 1302 1690 1341 14
1712 1315 1750 1356 p.
1776 1297 1861 1341 78¹¹.

301 1381 336 1411 II
356 1372 380 1411 9
397 1370 420 1411 f.
446 1372 500 1412 33
523 1386 562 1426 p.
584 1369 697 1413 109‘1.
742 1371 853 1412 Iren.
874 1383 922 1411 IV
941 1374 995 1413 33
1018 1370 1038 1427 ξ
1060 1374 1095 1412 1.
1140 1370 1317 1427 Hippol.
1337 1371 1403 1412 De
1427 1370 1526 1413 Chr.
1546 1376 1590 1412 et,
1608 1370 1805 1411 Antichr.
1825 1372 1860 1411 2.

389 1454 427 1495 p.
453 1441 507 1481 66
531 1440 554 1481 l.
580 1439 602 1481 7
628 1451 764 1481 VNVM
786 1451 966 1481 TEMPVS
989 1456 1101 1496 supr.
1126 1455 1158 1482 c.
1185 1443 1237 1482 19
1261 1440 1385 1482 Fuld.
1409 1455 1448 1496 p.
1468 1442 1521 1482 62
1546 1440 1569 1481 l.
1591 1441 1643 1481 16
1659 1455 1698 1480 n.
1733 1439 1860 1495 Cypr.

301 1508 367 1550 De
398 1509 605 1550 Mortalis..
631 1511 654 1550 2
679 1510 794 1565 fiant
826 1525 913 1552 ecce
945 1525 1051 1565 quae
1082 1510 1198 1552 dicta
1229 1516 1326 1552 sunt
1354 1517 1391 1552 et
1420 1510 1588 1565 quando
1612 1510 1728 1565 flunt
1756 1524 1863 1565 quae

236 1595 281 1617 20
301 1584 398 1620 ante
432 1579 660 1635 praedicta
696 1586 804 1630 sunt,
841 1586 1063 1635 sequentur
1104 1586 1141 1622 et
1181 1595 1465 1635 quaecumque
1500 1579 1718 1635 promissa
1753 1585 1860 1620 sunt.

300 1648 457 1691 Iusbm.
481 1650 604 1705 Apol.
629 1662 644 1690 I
668 1652 722 1691 52
746 1664 785 1706 p.
809 1650 883 1691 87a
913 1649 1065 1703 ἐπειδὴ
1099 1648 1246 1692 τοίνυν
1278 1649 1333 1692 τὰ
1358 1648 1570 1703 «γενόμενα
1599 1648 1681 1702 ἤδη
1711 1648 1861 1691 πάντα

302 1717 621 1773 ἁποδείκνυμεν
652 1719 758 1776 πρὶν
786 1719 814 1773 ἢ
843 1720 1052 1775 «γενέσθαι
1080 1720 1451 1777 προκεκηρύχθαι
1478 1718 1550 1761 διὰ
1577 1722 1664 1762 τῶν
1689 1723 1861 1775 προφη-

302 1791 399 1840 τῶν,
427 1789 597 1845 ἀνάγκη
630 1791 701 1832 καὶ
731 1790 833 1847 περὶ
864 1793 952 1833 τῶν
982 1789 1140 1843 ὁμοίως
1171 1790 1581 1847 προφητευθέντων,
1605 1788 1862 1844 μελλόντων

301 1859 345 1901 δὲ
367 1859 588 1915 (γενέσθαι,
610 1861 768 1903 πίστιν
791 1861 911 1918 ἔχειν
935 1862 991 1907 ὡς
1014 1861 1188 1906 πάντως
1210 1860 1529 1916 «γενησομένων.
1586 1860 1703 1916 Orig.
1726 1866 1860 1902 confir.

236 1948 279 1979 25
301 1929 411 1973 Cels.
436 1943 484 1972 IV
510 1934 560 1972 21
588 1932 611 1973 f.

387 2015 426 2056 p.
451 2003 504 2042 66
528 2001 552 2042 l.
576 2004 602 2042 8
625 2013 665 2042 SI
689 2013 835 2043 FORTE
858 2001 938 2043 Ad.
962 2001 1091 2043 Mart.
1117 2004 1137 2042 1
1166 2002 1190 2043 f.
1213 2002 1280 2056 [cf.
1304 2001 1440 2042 above
1464 2003 1517 2042 16
1542 2016 1595 2041 m.
1614 2016 1653 2042 n.
1687 2001 1737 2042 A.
1754 2000 1828 2055 S.].

388 2086 425 2126 p.
451 2073 504 2113 66
528 2071 551 2112 l.
577 2073 600 2112 9
635 2082 938 2113 EXPVNGITVR
970 2087 1026 2113 ce.
1058 2074 1093 2112 2.
1127 2074 1191 2113 15.
1224 2073 1275 2112 21
1301 2087 1335 2112 a.
1355 2087 1408 2112 m.
1433 2073 1486 2112 35
1511 2071 1682 2113 Oehler.
1745 2071 1858 2112 Adu.

301 2140 429 2181 Mare.
462 2152 514 2181 III
545 2142 601 2181 24
630 2156 667 2196 p.
692 2142 776 2182 419
805 2141 828 2183 1.
854 2143 908 2182 28
937 2142 1011 2183 Kr.
1036 2153 1085 2182 IV
1116 2143 1172 2183 34
1198 2156 1236 2197 p.
1262 2140 1344 2182 537
1370 2142 1392 2182 l.
1419 2143 1472 2182 14
1503 2141 1577 2182 Kr.
1601 2153 1632 2182 v
1664 2141 1686 2182 7
1711 2157 1749 2198 p.
1775 2143 1858 2183 596

300 2210 323 2250 l.
348 2212 401 2250 22
434 2210 508 2251 Kr.
572 2210 638 2251 De
670 2210 819 2251 Idolol.
853 2213 873 2251 1
906 2226 966 2266 pr.
1000 2213 1053 2252 13
1083 2226 1121 2266 p.
1146 2212 1202 2251 44
1233 2210 1256 2251 l.
1282 2212 1335 2252 26
1367 2210 1491 2252 Wiss.
1555 2210 1768 2267 Scorpi-ac.
1805 2213 1859 2252 10

235 2295 280 2326 30
300 2280 461 2322 Oehler
491 2284 550 2336 (p.
576 2283 658 2323 169
689 2281 712 2322 l.
739 2283 791 2322 19
823 2281 979 2335 Wiss.).
1043 2281 1109 2323 De
1140 2281 1234 2324 Cor.
1265 2281 1393 2322 Milit.
1427 2285 1447 2322 1
1477 2297 1537 2338 pr.
1604 2282 1714 2323 Pers.
1747 2284 1770 2323 2
1804 2284 1857 2323 13

292 2351 519 2405 promimus
551 2366 801 2405 eoepunyam.
864 2351 992 2392 schol.
1028 2357 1211 2392 tractum
1245 2366 1272 2392 a
1304 2351 1524 2400 militibus,
1556 2352 1630 2407 qui
1664 2353 1859 2407 eapuncti

299 2420 501 2462 dicuutur
532 2420 634 2462 dum
656 2421 789 2476 forus
820 2437 847 2462 a
879 2422 1042 2463 militia
1074 2422 1334 2463 emittuntur.
1398 2421 1587 2463 Dirksen
1622 2422 1835 2463 Manuale.

385 2505 423 2545 p.
449 2492 502 2531 66
527 2490 549 2531 l.
577 2492 630 2531 10
654 2502 930 2532 DEPVTATVR
960 2491 1018 2533 ‘is
1047 2491 1261 2532 reckoned
1296 2492 1344 2532 of
1370 2492 1515 2533 fu‘nure
1548 2498 1736 2548 present,
1770 2492 1855 2533 and

298 2559 404 2600 then
437 2561 484 2600 of
510 2566 686 2615 present
719 2561 840 2616 past?
1110 2552 1112 2554 Ι

231 2641 274 2673 35
384 2644 421 2683 p.
447 2632 500 2670 66
525 2629 548 2670 l.
574 2632 624 2670 11
660 2642 750 2671 ORO
782 2642 868 2671 VOS
901 2630 1012 2671 infra
1041 2645 1072 2671 e.
1103 2629 1157 2672 47
1182 2631 1206 2672 f.
1238 2631 1304 2672 De
1335 2630 1460 2673 Carn.
1493 2630 1652 2673 Christ.
1682 2633 1705 2672 2
1729 2647 1782 2673 m.
1806 2647 1856 2673 em

294 2714 390 2753 qua,
422 2715 494 2741 oro
527 2706 574 2748 te,
607 2702 887 2743 auctoritate?
952 2703 1003 2742 19
1028 2702 1051 2742 f.
1086 2716 1157 2743 oro
1192 2717 1278 2751 uos,
1309 2702 1348 2742 si
1380 2702 1450 2744 dei
1480 2702 1661 2757 spiritus
1693 2717 1774 2743 mm
1803 2701 1854 2744 de

296 2768 430 2810 uulua
459 2784 629 2811 caruem
652 2771 1000 2826 participaturus
1029 2771 1241 2813 descendit
1262 2771 1308 2812 in
1331 2771 1521 2821 uuluam,
1544 2786 1620 2813 cur
1642 2771 1854 2813 descendit

292 2837 338 2878 in
362 2838 572 2880 uuluam?
633 2839 720 2882 Cic.
755 2839 799 2880 in
833 2841 941 2881 lexx.
