1975 3306
265 167 317 206 62
843 162 1250 204 TERTVLLIANI

264 294 437 321 necesse
470 285 547 321 est.
609 279 719 320 Inde
751 278 970 333 quaedam
1001 277 1230 318 nobiscum
1262 277 1332 318 uel
1363 291 1498 332 prope
1529 292 1608 319 nos
1640 277 1825 320 habetis.

264 355 331 395 De
361 354 514 409 sophia
546 368 669 394 amor
700 354 791 394 eius
827 351 1103 407 philosophia
1139 351 1363 392 uocitatus
1400 357 1478 402 est,
1512 351 1566 393 de
1596 352 1828 407 prophetia

262 432 488 473 affectatio
536 432 626 472 eius
672 431 891 486 poeticam
936 430 1301 471 uaticinationem
1346 429 1595 485 deputauit.
1657 430 1829 472 Gloriae

266 511 462 552 homines
496 511 531 552 si
567 510 673 565 quid
706 510 980 559 inuenerant,
1018 513 1070 549 ut
1103 508 1329 563 proprium
1364 507 1572 559 facerent,
1609 508 1827 550 adultera-

265 596 437 631 uerunt.
499 590 649 631 Etiam
670 588 886 629 fructibus
907 602 932 628 a
952 587 1116 628 semine
1137 586 1397 642 degenerare
1419 587 1616 642 contigit.
1678 586 1828 629 Multis

262 668 408 709 adhuc
433 668 487 709 de
509 672 736 708 uetustate
760 666 902 707 modis
926 665 1208 706 consisterem
1232 664 1483 706 diuinarum
1506 665 1767 716 litterarum,
1793 666 1828 707 si

264 760 353 787 non
386 745 525 786 maior
558 745 799 786 auctoritas
832 744 914 785 illis
948 743 1005 784 ad
1038 742 1170 783 fidem
1204 742 1258 783 de
1291 742 1492 784 ueritatis
1525 757 1629 784 suae
1663 743 1828 785 uiribus

263 839 399 879 quam
430 824 483 865 de
514 824 674 865 aetatis
705 823 937 864 annalibus
967 822 1246 877 suppetisset.
1310 821 1425 872 Qujd
1456 823 1571 863 enim
1602 824 1828 878 potentius

263 903 615 958 patrocinabitur
662 902 915 943 testimonio
965 916 1127 951 earum,
1177 901 1258 942 nisi
1307 901 1558 956 dispunctio
1606 902 1828 944 cotidiana

263 981 424 1022 saeculi
450 981 599 1028 totius,
629 995 728 1021 011111
754 980 1061 1035 dispositiones
1086 994 1332 1035 regnorum,
1360 994 1460 1021 cum
1486 994 1612 1021 casus
1636 980 1825 1031 urbium,

264 1074 364 1100 cum
400 1059 544 1100 exitus
578 1059 789 1114 gentium,
828 1073 927 1099 cum
963 1064 1107 1100 status
1142 1064 1393 1114 temporum
1427 1058 1491 1100 ita
1526 1058 1730 1100 omnibus
1764 1074 1826 1100 re-

263 1139 495 1193 spondent,
527 1137 903 1193 quemadmodum
932 1142 1035 1178 ante
1064 1137 1182 1178 milia
1211 1151 1427 1178 annorum
1455 1137 1826 1192 praenuntiaban-

262 1218 362 1259 tur?
427 1217 556 1258 Unde
582 1222 626 1257 et
650 1230 748 1271 spes
774 1220 938 1265 nostra,
967 1229 1101 1270 quam
1126 1214 1290 1265 ridetis,
1319 1215 1554 1265 animatur,
1583 1220 1628 1256 et
1651 1215 1825 1266 fiducia,

263 1311 398 1351 quam
420 1295 825 1351 praesumptionem
845 1294 1029 1344 uocatis,
1054 1293 1374 1335 corroboratur.
1435 1293 1602 1335 Idonea
1624 1299 1690 1335 est
1712 1294 1826 1336 enim

262 1374 500 1429 recognitio
528 1373 867 1428 praeteritorum
895 1371 951 1412 ad
979 1371 1299 1426 disponendam
1326 1371 1533 1412 fiduciam
1560 1371 1824 1414 futurorum.

264 1452 432 1493 Eadem
457 1466 586 1493 uoces
611 1451 980 1507 praedicauerunt
1003 1456 1239 1505 utramque
1264 1455 1449 1505 partem,
1477 1450 1630 1491 eadem
1654 1450 1827 1492 litterae

263 1535 545 1572 notauerunt.
607 1530 758 1572 Unum
802 1534 868 1571 est
909 1535 1086 1584 tempus
1128 1528 1247 1583 apud
1288 1528 1384 1569 illas
1426 1528 1545 1583 quod
1587 1528 1707 1583 apud
1748 1544 1827 1570 nos

261 1610 454 1664 separari
486 1609 676 1650 uidetur.
737 1609 809 1650 Ita
842 1608 990 1649 omnia
1023 1621 1135 1662 quae
1167 1611 1403 1661 supersunt
1433 1606 1698 1661 improbata,
1730 1621 1826 1660 pro-

263 1687 354 1727 bata
384 1692 489 1728 sunt
513 1686 652 1736 nobis,
683 1686 785 1741 quia
813 1700 912 1726 cum
938 1685 1022 1726 illis
1049 1699 1162 1740 quae
1188 1685 1376 1740 probata
1403 1689 1508 1726 sunt
1533 1689 1640 1726 tunc
1666 1684 1826 1726 futuris

262 1764 645 1820 praedicabantur.
722 1763 923 1814 Habetis,
983 1763 1102 1818 quod
1157 1763 1304 1813 sciam,
1364 1768 1408 1804 et
1462 1777 1542 1803 uos
1598 1762 1823 1817 Sibyllam,

262 1844 473 1898 quatinus
516 1843 754 1898 appellatio
798 1843 883 1883 ista
927 1856 1057 1882 uerae
1100 1841 1217 1882 uatis
1260 1841 1329 1899 dei
1367 1841 1458 1882 ueri
1496 1841 1659 1895 passim
1697 1855 1827 1896 super

261 1928 428 1963 ceteros
460 1922 534 1976 qui
565 1920 797 1962 uaticinari
828 1919 1096 1961 uidebantur
1126 1923 1339 1973 usurpata
1371 1923 1449 1959 est.
1511 1918 1624 1959 Sunt
1653 1923 1827 1960 uestrae

261 2000 453 2055 Sibyllae
489 2014 649 2040 nomen
686 1998 739 2039 de
775 1998 964 2039 ueritate
1000 1997 1226 2047 mentitae,
1265 1996 1640 2051 quemadmodum
1677 2002 1722 2037 et
1757 1996 1826 2038 dei

262 2079 431 2131 uestri]
493 2077 655 2119 Omnes
672 2077 822 2131 itaque
840 2076 1113 2117 substantias
1130 2089 1368 2129 omnesque
1387 2074 1605 2124 materiaS,
1625 2074 1823 2129 origines,

263 2157 448 2205 ordines,
495 2170 631 2196 uenas
674 2154 871 2196 ueterani
916 2154 1126 2208 cuiusque
1170 2153 1257 2194 stili
1301 2153 1449 2202 uestri,
1495 2157 1647 2207 gentes
1690 2152 1824 2193 etiam

263 2234 491 2289 plerasfflie
519 2239 563 2274 et
590 2233 718 2274 urbes
745 2232 934 2287 insignes
962 2231 1242 2272 historiarum
1271 2236 1315 2271 et
1342 2244 1473 2271 canas
1500 2229 1822 2280 memoriarum,

261 2312 378 2366 ipsas
407 2312 594 2366 denique
623 2311 781 2366 effigies
808 2310 1069 2359 litterarum,
1098 2309 1263 2350 indices
1290 2308 1581 2362 custodesque
1608 2322 1751 2348 rerum
1780 2313 1825 2349 et

263 2392 390 2444 (puto
425 2390 569 2431 adhuc
601 2390 745 2430 minus
777 2389 978 2441 dicimus)
1013 2388 1130 2443 ipsos
1161 2388 1343 2442 inquam
1376 2386 1480 2427 deos
1512 2391 1693 2435 uestros,
1728 2386 1822 2440 ipsa

264 2467 428 2522 templa
463 2473 506 2508 et
538 2468 712 2508 oracula
746 2472 790 2508 et
821 2481 944 2508 sacra
975 2466 1104 2507 unius
1135 2466 1311 2507 interim
1343 2464 1584 2520 prophetae
1615 2463 1821 2505 scrinium

1849 603 1868 634 5

1851 999 1894 1022 10

1851 1392 1892 1425 15

1847 1782 1891 1804 20

1846 2169 1889 2200 25

262 2545 444 2586 saeculis
463 2545 612 2594 uincit,
632 2545 676 2586 in
695 2559 781 2599 quo
803 2544 976 2586 uidetur
994 2544 1226 2586 thesaurus
1243 2543 1480 2585 collocatus
1498 2542 1635 2584 totius
1653 2542 1821 2584 Iudaici
1842 2555 1888 2586 30

262 2623 525 2664 sacramenti
572 2628 615 2664 et
660 2623 761 2663 inde
805 2622 893 2663 iam
939 2622 1090 2663 nostri.
1152 2622 1195 2663 Si
1241 2635 1371 2676 quem
1417 2620 1601 2661 audistis
1645 2620 1821 2661 interim

264 2700 458 2755 Moysen,
510 2701 671 2755 Argiuo
721 2701 885 2742 Inacho
934 2700 1099 2756 pariter
1146 2705 1294 2741 aetate
1342 2705 1420 2740 est.
1483 2698 1821 2753 Quadringentis

264 2792 402 2832 paene
430 2778 555 2818 annis
585 2780 705 2829 (nam
735 2783 778 2819 et
806 2783 975 2832 septem
1004 2778 1164 2830 minus)
1194 2777 1414 2827 Danaum,
1446 2782 1490 2818 et
1516 2776 1660 2831 ipsum
1700 2777 1819 2831 apud

265 2869 341 2896 uos
383 2854 744 2902 uetustissimum,
790 2855 1031 2910 praeuenit,
1077 2855 1192 2896 mille
1235 2855 1404 2896 circiter
1446 2855 1614 2896 cladem
1657 2855 1818 2897 Priami
