1975 3306
191 168 243 209 76
768 170 1174 212 TERTVLLIANI

188 285 482 326 execramenti
501 299 608 326 uoce
626 285 900 340 pronuntiat.
961 285 1151 342 Angelos
1170 300 1345 341 quoque
1364 286 1499 328 etiam
1518 285 1646 326 Plato
1665 298 1753 326 non

189 359 381 414 negauit.
444 359 685 415 Utriusque
709 360 899 402 nominis
923 366 1058 402 testes
1082 375 1173 402 esse
1197 361 1267 402 uel
1291 361 1407 416 magi
1431 360 1607 402 adsunt.
1669 358 1754 400 Sed

190 435 412 489 quomodo
438 435 492 476 de
518 436 681 491 angelis
704 436 970 491 quibusdam
992 451 1071 478 sua
1093 442 1250 492 sponte
1272 436 1488 492 corruptis
1510 435 1755 490 corruptior

188 524 294 566 gens
312 511 577 552 daemonum
597 512 798 563 euaserit,
819 513 1032 554 damnata
1051 527 1077 554 a
1096 513 1176 554 cleo
1196 527 1295 554 cum
1314 513 1481 569 generis
1500 511 1754 554 auctoribus

190 582 235 628 et
263 600 363 627 cum
393 601 442 628 eo
473 601 603 642 quem
633 587 826 630 diximus
854 588 1062 644 principe,
1094 589 1214 644 apud
1242 589 1413 631 litteras
1441 593 1618 630 sanctas
1647 587 1753 629 ordo
1774 604 1794 637 5

189 663 478 718 cognoscitur.
540 663 669 705 Nunc
703 664 758 705 de
791 665 1046 720 operatione
1080 678 1229 706 eorum
1264 665 1372 706 satis
1407 665 1489 706 erit
1523 676 1752 719 exponere.

190 737 397 793 Operatio
432 753 582 781 eorum
617 745 683 782 est
716 740 904 782 hominis
939 741 1118 783 euersio.
1180 740 1249 782 Sic
1283 741 1453 782 malitia
1487 740 1695 796 spiritalis
1728 753 1754 780 a

189 814 427 869 primordio
448 815 677 870 auspicata
698 822 765 858 est
784 817 829 857 in
850 816 1038 858 hominis
1060 817 1258 859 exitium.
1320 817 1480 872 Itaque
1501 815 1755 871 corporibus

190 890 368 945 quidem
389 896 434 933 et
452 891 720 934 ualitudines
738 892 946 948 infligunt
966 899 1010 935 et
1030 893 1200 948 aliquos
1220 908 1347 935 casus
1366 893 1558 943 acerbos,
1581 892 1754 934 animae

189 980 293 1007 uero
317 967 570 1022 repentinos
594 973 639 1009 et
662 968 1032 1010 extraordinarios
1056 983 1132 1024 per
1156 969 1247 1010 uim
1272 983 1486 1010 excessus.
1547 967 1756 1023 Suppetit
1778 980 1821 1004 10

188 1041 272 1083 illis
298 1042 355 1083 ad
381 1048 617 1098 utramque
643 1043 941 1085 substantiam
968 1044 1157 1086 hominis
1183 1044 1434 1086 adeundam
1461 1044 1684 1086 subtilitas
1711 1047 1756 1084 et

189 1118 385 1159 tenuitas
414 1133 506 1160 sua.
568 1118 759 1160 Multum
790 1120 1061 1175 spiritalibus
1091 1120 1259 1162 uiribus
1288 1121 1402 1171 licet,
1435 1125 1487 1162 ut
1516 1119 1756 1161 inuisibiles

190 1199 234 1235 et
256 1194 527 1236 insensibiles
550 1195 596 1236 in
620 1195 781 1237 effectu
805 1197 953 1251 potius
978 1212 1112 1252 quam
1136 1197 1181 1238 in
1205 1203 1310 1239 actu
1333 1212 1411 1238 suo
1436 1201 1693 1252 appareant,
1720 1195 1755 1237 si

189 1284 334 1325 poma,
364 1271 398 1312 si
426 1270 570 1327 fruges
597 1272 741 1314 nescio
769 1273 889 1328 quod
916 1288 1048 1315 aurae
1074 1274 1216 1316 latens
1243 1274 1403 1315 uitium
1429 1274 1475 1315 in
1502 1272 1606 1314 flore
1632 1286 1754 1328 prae-

190 1346 360 1401 cipitat,
392 1347 437 1388 in
467 1348 661 1403 germine
692 1349 930 1400 exanimat,
962 1350 1007 1391 in
1039 1351 1274 1406 pubertate
1305 1351 1606 1400 conuulnerat,
1639 1363 1690 1390 ac
1720 1348 1755 1390 si
1779 1365 1820 1398 15

190 1436 318 1464 caeca
346 1424 516 1465 ratione
545 1430 793 1480 temptatus
821 1431 895 1467 aer
922 1427 1178 1482 pestilentes
1206 1428 1391 1469 haustus
1420 1441 1521 1469 suos
1549 1425 1754 1468 offundit.

190 1498 359 1540 Eadem
386 1500 520 1554 igitur
547 1500 817 1543 obscuritate
845 1503 1118 1558 contagionis
1146 1503 1388 1559 adspiratio
1417 1503 1683 1544 daemonum
1712 1505 1757 1542 et

190 1575 444 1631 angelorum
465 1577 626 1619 mentis
647 1593 822 1633 quoque
844 1579 1114 1634 corruptelas
1135 1580 1227 1635 agit
1247 1579 1467 1621 furoribus
1488 1584 1533 1620 et
1553 1577 1757 1619 amentiis

189 1651 328 1693 foedis
350 1658 429 1694 aut
456 1653 598 1694 saeuis
626 1653 880 1696 libidinibus
909 1669 1009 1696 cum
1039 1656 1255 1697 erroribus
1283 1656 1427 1706 uariis,
1459 1669 1646 1710 quorum
1673 1654 1756 1695 iste

189 1728 444 1782 potissimus
481 1744 568 1784 quo
606 1729 709 1771 deos
745 1731 854 1772 istos
891 1732 1032 1787 captis
1070 1737 1114 1773 et
1151 1732 1489 1787 circumscriptis
1527 1731 1755 1772 hominum
1776 1748 1822 1771 20

190 1804 414 1846 mentibus
453 1806 748 1856 commendat,
791 1812 843 1848 ut
883 1813 927 1848 et
966 1807 1048 1849 sibi
1089 1808 1251 1863 pabula
1293 1808 1469 1863 propria
1508 1807 1672 1848 nidoris
1712 1812 1757 1848 et

191 1880 413 1935 sanguinis
442 1887 647 1936 procuret
675 1882 918 1924 simulacris
946 1883 1211 1939 imaginibus
1240 1884 1403 1925 oblata.
1465 1883 1526 1925 Et
1554 1897 1667 1938 quae
1695 1882 1755 1924 illi

191 1957 436 1998 accuratior
474 1972 638 2012 pascua
678 1964 756 2009 est,
800 1974 934 2014 quam
974 1965 1026 2001 ut
1066 1959 1287 2001 hominem
1328 1974 1350 2001 e
1390 1960 1587 2015 cogitatu
1626 1973 1756 2001 uerae

191 2031 439 2074 diuinitatis
469 2039 646 2075 auertat
677 2035 922 2090 praestigiis
952 2035 1098 2077 falsis?
1163 2035 1281 2085 Quas
1312 2041 1356 2077 et
1385 2036 1502 2091 ipsas
1533 2035 1754 2090 quomodo

191 2113 395 2162 operetur
430 2109 674 2164 expediam.
738 2110 890 2152 Omnis
925 2111 1104 2166 spiritus
1139 2111 1226 2152 ales
1262 2117 1340 2153 est.
1402 2111 1499 2152 Hoc
1534 2111 1675 2167 angeli
1711 2116 1756 2152 et
1776 2130 1819 2163 25

191 2183 438 2226 daemones.
500 2186 642 2241 Igitur
662 2192 893 2228 momento*
908 2187 1071 2242 ubique
1090 2193 1217 2237 sunt;
1256 2193 1378 2229 totus
1398 2188 1514 2229 orbis
1533 2188 1615 2229 illis
1634 2188 1754 2229 locus

191 2274 304 2301 unus
327 2266 414 2310 est,
455 2262 561 2316 quid
584 2261 659 2303 ubi
680 2268 858 2318 geratur
879 2269 973 2304 tam
996 2263 1121 2305 facile
1144 2264 1289 2305 sciunt
1311 2279 1445 2319 quam
1469 2264 1751 2305 adnuntiant.

192 2335 410 2377 Velocitas
437 2337 648 2379 diuinitas
674 2338 878 2389 creditur,
908 2339 1010 2394 quia
1037 2339 1288 2381 substantia
1314 2340 1553 2396 ignoratur.
1615 2339 1684 2380 Sic
1711 2344 1756 2380 et

192 2416 394 2453 auctores
421 2413 644 2455 interdum
673 2414 811 2455 uideri
842 2415 999 2456 uolunt
1029 2430 1178 2457 eorum
1209 2430 1322 2470 quae
1351 2416 1632 2457 adnuntiant.
1695 2415 1755 2456 Et

191 2492 296 2528 sunt
322 2487 451 2542 plane
479 2489 694 2531 malorum
722 2505 1055 2545 nonnunquam,
1087 2491 1303 2532 bonorum
1331 2496 1481 2532 tamen
1508 2505 1750 2545 nunquam.
1774 2510 1820 2543 30

192 2562 513 2617 Dispositiones
535 2565 668 2606 etiam
691 2565 759 2606 dei
783 2571 828 2607 et
849 2571 956 2607 tunc
978 2566 1205 2621 prophetis
1228 2566 1587 2608 contionantibus
1609 2581 1752 2607 excer-

194 2643 308 2692 punt
342 2644 386 2680 et
419 2654 536 2681 nunc
569 2640 830 2683 lectionibus
864 2641 1172 2684 resonantibus
1206 2647 1406 2697 carpunt.
1468 2642 1539 2683 Ita
1575 2647 1619 2684 et
1653 2643 1754 2684 hinc

193 2719 416 2755 sumentes
448 2715 662 2770 quasdam
696 2722 945 2772 temporum
977 2723 1115 2759 sortes
1147 2718 1426 2759 aemulantur
1457 2717 1750 2769 diuinitatem,

193 2789 300 2831 dum
335 2789 539 2832 furantur
573 2791 905 2834 diuinationem.
967 2794 1020 2834 In
1055 2793 1241 2835 oraculis
1274 2798 1424 2834 autem
1459 2808 1546 2848 quo
1580 2794 1752 2850 ingenio

193 2866 508 2922 ambiguitates
528 2872 776 2922 temperent
796 2869 841 2910 in
863 2874 1048 2911 euentus
1069 2869 1214 2911 sciunt
1235 2869 1391 2919 Croesi,
1415 2869 1560 2910 sciunt
1581 2869 1750 2923 Pyrrhi.
1773 2885 1816 2918 35
