1975 3306
298 158 375 199 198
867 154 1274 197 TERTVLLIANI
1531 153 1589 208 [p.
1615 155 1669 194 30
1690 152 1718 194 1.
1744 154 1857 193 23--

284 276 408 331 filios
448 290 544 317 suos
580 289 662 317 non
703 275 905 331 eoeposuit,
936 274 1009 317 sed
1050 274 1234 316 uorauit.
1298 273 1447 315 merito
1489 273 1529 315 ei
1561 272 1606 313 in
1638 270 1857 313 nonnullis

294 345 478 401 Africae
496 345 697 401 partibus
718 360 746 386 a
770 344 1024 400 parentibus
1045 343 1234 399 infantes
1261 341 1608 390 immolabantur,
1632 339 1856 383 blanditiis

293 421 331 457 et
371 415 509 457 osculo
551 415 851 470 comprimente
887 414 1096 469 iniquum,
1136 428 1186 455 ne
1218 412 1381 468 flebilis
1421 411 1559 453 hostia
1599 410 1853 452 immoletur.

293 483 312 541 ἓ
333 487 360 526 4
385 485 542 527 Tauris
562 485 693 527 etiam
709 484 903 527 Ponticis
923 491 962 527 et
978 484 1192 540 Aeqyptio
1214 482 1416 524 Busiridi
1436 482 1547 523 ritus
1557 481 1654 538 fuit
1675 480 1856 536 hospites

253 568 272 599 5
292 555 542 597 immolare:
575 561 613 597 et
634 555 850 597 Mercurio
875 554 1024 597 Gallos
1045 554 1258 596 humanas
1279 553 1348 595 uel
1369 552 1632 594 inhumanas
1652 551 1856 593 uictimas

293 625 474 668 caedere.
538 625 727 667 Romani
781 624 992 667 Graecum
1033 630 1072 666 et
1117 623 1339 673 Graecam,
1374 622 1550 665 Gallum
1587 628 1624 664 et
1668 621 1856 668 Gallam.

293 696 510 751 sacrificia
541 695 734 738 uiuentes
765 696 957 737 obruere:
988 695 1190 751 hodieque
1217 693 1269 736 ab
1296 693 1405 749 ipsis
1430 693 1625 735 Latiaris
1656 692 1858 748 Iuppiter

294 765 522 808 homicidio
548 765 699 808 colitur
720 771 768 816 et,
790 765 900 821 quod
921 765 1106 807 Saturni
1120 765 1220 820 filio
1243 764 1422 819 diqnum
1444 769 1514 812 est,
1538 763 1647 805 mali
1677 769 1714 805 et
1739 762 1859 804 ‘nooeii

295 835 478 877 hominis
498 836 704 890 sanquine
724 836 963 891 saqinatu7·.
1021 834 1092 877 On
1113 834 1319 891 offerings
1342 835 1388 876 of
1405 833 1601 876 children
1623 839 1668 875 to
1692 832 1857 874 Saturn

234 921 276 944 10
297 907 414 949 Lact.
439 918 455 947 Ι
478 909 529 948 21
554 905 594 964 ἐξ
616 908 770 949 9-15.
833 906 1020 948 Lasaulx
1045 905 1235 948 Studien
1257 921 1296 962 p.
1321 907 1405 947 250
1427 920 1467 947 n.
1493 906 1575 947 109
1599 905 1648 946 cf.
1674 903 1857 945 107—8.

298 979 378 1018 251
403 992 443 1019 n.
469 978 564 1018 113.
589 978 674 1019 253
696 992 736 1018 n.
762 978 856 1019 130.
919 976 1072 1017 Allard
1095 976 1156 1018 les
1178 975 1400 1017 dernieres
1421 974 1719 1032 persecutions
1743 976 1838 1015 218.

384 1058 607 1088 LIBENTES
629 1047 683 1088 ad
707 1046 831 1103 Scap.
856 1048 880 1088 2
904 1062 999 1090 cum
1021 1053 1058 1089 et
1079 1046 1241 1089 hostiae
1262 1046 1314 1088 ab
1337 1046 1482 1088 animo
1506 1045 1652 1088 libenti
1668 1051 1859 1100 expostu-

298 1118 438 1161 lentur
468 1117 776 1174 respondebant
806 1117 1024 1174 appeared
1045 1117 1172 1158 when
1204 1117 1352 1166 called,
1381 1131 1427 1158 so
1456 1131 1563 1172 resp.
1596 1115 1654 1157 ad
1685 1121 1860 1170 tempus,

299 1189 356 1230 ad
387 1188 499 1230 diem
532 1193 610 1229 ete.
675 1187 859 1229 Gronov.
892 1187 979 1229 obs.
1012 1198 1048 1228 ΙΙ
1081 1189 1108 1228 4
1139 1202 1180 1243 p.
1217 1189 1389 1228 122—4
1422 1187 1490 1228 Fr.
1554 1185 1624 1229 On
1656 1185 1731 1227 the
1763 1200 1859 1241 pro-

236 1275 276 1307 15
297 1259 508 1315 piniatory
544 1273 621 1300 use
664 1259 711 1300 of
745 1258 873 1300 blood
908 1257 1096 1300 Lasaulx
1135 1256 1262 1300 Stud.
1296 1257 1391 1300 237.
1455 1256 1563 1298 Ρ1111.
1599 1267 1702 1297 ΧΧΧ
1743 1254 1763 1312 ξ
1805 1257 1860 1296 12

297 1341 458 1371 DCLVII
492 1330 553 1383 (=
571 1340 649 1370 ΒΩ.
688 1329 764 1382 97)
806 1328 976 1370 demum
1018 1342 1129 1370 anno
1165 1326 1285 1369 urbis
1330 1326 1401 1369 On.
1448 1326 1641 1369 Cornelio
1682 1325 1863 1368 Lentulo

296 1400 348 1442 P.
385 1399 551 1442 Licinio
585 1399 739 1441 Crasso
771 1414 870 1441 coss.
902 1403 1074 1441 senatus
1105 1397 1343 1440 consultum
1363 1396 1539 1453 factum
1570 1402 1640 1445 est,
1661 1411 1713 1438 ne
1741 1396 1862 1438 homo

297 1470 608 1520 immolaretur,
635 1470 874 1525 palamque
906 1469 974 1525 fit,
1006 1469 1054 1510 in
1094 1474 1260 1524 tempus
1300 1467 1413 1509 illud
1454 1482 1583 1509 sacra
1607 1467 1863 1523 prodiqiosa

299 1541 520 1584 celebrata.
582 1539 602 1598 ξ
638 1542 691 1582 13
725 1539 890 1582 Druids
921 1538 1182 1596 suppressed
1213 1538 1259 1580 in
1293 1538 1406 1580 Gaul
1438 1538 1496 1594 by
1528 1537 1740 1587 Tiberius,
1772 1536 1863 1579 still

236 1628 280 1650 20
298 1617 502 1668 rampant)
533 1611 580 1652 in
611 1610 794 1652 Britain.
856 1625 929 1652 nec
959 1610 1067 1652 satis
1098 1610 1323 1652 aestimari
1360 1614 1496 1664 potest
1532 1614 1740 1664 quantum
1775 1607 1861 1649 Ro-

300 1682 441 1723 manis
462 1681 663 1724 debeatur
683 1682 757 1737 qui
777 1681 983 1723 sustulere
1006 1686 1196 1722 monstra
1218 1679 1265 1720 in
1281 1679 1431 1735 quibus
1451 1678 1661 1720 hominem
1679 1677 1865 1720 occidere

299 1751 672 1807 reliyiosissimum
703 1757 806 1801 erat,
838 1750 992 1792 mandi
1023 1763 1124 1792 uero
1161 1749 1292 1791 etiam
1332 1748 1677 1790 saluberrimum.
1741 1746 1866 1789 Suet.

303 1822 454 1866 Claud.
479 1825 544 1864 25.

390 1908 430 1949 p.
453 1894 509 1934 30
532 1893 556 1934 l.
581 1894 634 1934 25
658 1903 808 1933 MAloR
830 1902 974 1932 AETAS
997 1891 1046 1932 cf.
1069 1905 1108 1946 p.
1132 1891 1187 1932 30
1210 1890 1250 1930 11.
1276 1888 1400 1931 6-7,

240 1980 283 2012 25
391 1977 429 2019 p.
454 1964 509 2004 30
532 1962 556 2004 l.
577 1964 631 2004 26
654 1972 896 2003 MERCVRIO
919 1960 1064 2017 Seorp.
1089 1961 1111 2002 7
1138 1960 1208 2000 fin.
1234 1959 1352 2000 Lact.
1376 1970 1391 1999 Ι
1416 1960 1468 1999 21
1493 1956 1512 2015 ἓ
1533 1960 1559 2000 3
1585 1957 1707 2000 Galli
1727 1957 1867 1999 Esum

304 2039 428 2088 atque
466 2032 683 2074 Teutatem
711 2031 896 2073 humano
932 2045 1080 2073 cruore
1109 2029 1357 2085 placabant.
1420 2027 1540 2070 Caes.
1565 2027 1603 2069 b.
1633 2027 1683 2069 G.
1717 2039 1765 2068 IV
1802 2029 1863 2070 16.

306 2101 395 2145 Cic.
432 2117 472 2159 p.
510 2102 634 2143 Fonb.
666 2099 686 2158 ξ
718 2103 785 2143 31.
838 2100 889 2142 D.
924 2100 980 2141 H.
1017 2111 1033 2140 Ι
1076 2101 1145 2142 38.
1198 2098 1333 2141 Solin.
1367 2100 1434 2140 21.
1467 2097 1583 2139 Plut.
1614 2097 1668 2138 de
1700 2112 1862 2153 supers.

307 2174 361 2213 13
389 2187 449 2228 pr.
479 2186 520 2228 p.
546 2172 641 2213 171.
702 2171 801 2212 Tae.
829 2169 972 2212 Germ.
998 2172 1065 2211 10.
1126 2169 1229 2211 Luc.
1252 2169 1360 2210 Bell.
1383 2168 1478 2211 Ciu.
1503 2179 1519 2209 Ι
1542 2169 1627 2209 444
1653 2173 1691 2209 et
1718 2167 1868 2223 quibus

306 2242 487 2284 immitis
529 2241 736 2297 placatur
779 2241 987 2295 sanquine
1035 2240 1131 2282 diro
1170 2240 1175 2295 Ι
1218 2239 1423 2289 Teutates,
1465 2239 1720 2293 horrensque
1749 2237 1867 2294 feris

244 2328 289 2361 30
308 2312 519 2354 altaribus
538 2312 661 2354 Esus.
712 2311 768 2353 ib.
788 2322 841 2352 111
860 2312 956 2353 399.
1012 2309 1070 2351 So
1087 2310 1164 2351 'ohe
1182 2309 1394 2351 Germans
1416 2308 1635 2350 sacrificed
1653 2308 1728 2349 the
1745 2323 1867 2364 army

308 2383 355 2424 of
381 2382 534 2424 Varus.
594 2382 692 2423 Tac.
718 2396 784 2422 an.
809 2392 825 2422 Ι
857 2383 907 2423 61
945 2380 1052 2422 lucis
1077 2379 1335 2435 propinquis
1365 2377 1574 2420 barbarae
1604 2391 1719 2426 arae,
1749 2376 1868 2433 apud

307 2466 413 2506 quas
449 2451 638 2493 tribunos
671 2465 720 2493 ac
750 2450 997 2505 primorum
1034 2448 1232 2490 ordinum
1269 2447 1528 2490 centuriones
1563 2451 1869 2488 mactauerant.

309 2523 366 2564 ib.
402 2534 492 2563 XIII
535 2522 587 2564 57
627 2522 806 2564 uictores
849 2519 1191 2574 [Hermunduri]
1229 2518 1450 2560 diuersam
1486 2516 1621 2559 aciem
1658 2515 1868 2570 [Chattos]

311 2592 414 2633 Mar
417 2594 451 2634 ti
482 2607 531 2634 ae
559 2591 776 2634 llIercurio
800 2603 1039 2638 sacrauere‚
1072 2604 1151 2644 quo
1182 2594 1277 2630 uoto
1305 2588 1413 2643 equi,
1445 2586 1546 2635 uiri,
1577 2591 1725 2628 cuncta
1753 2586 1869 2628 uicta

248 2674 292 2707 35
312 2661 519 2703 occidioni
554 2661 728 2703 dantur.
788 2658 960 2700 Details
997 2657 1049 2700 D.
1088 2656 1130 2699 S.
1169 2668 1199 2697 V
1234 2658 1302 2698 30.
1363 2655 1447 2697 Dio
1481 2666 1635 2696 LXXIII
1673 2656 1710 2697 6.
1772 2655 1870 2696 Tac.

313 2741 396 2770 XIV
420 2732 488 2772 30.
548 2728 788 2771 Abolished
816 2728 874 2784 by
897 2727 972 2769 the
1003 2727 1192 2769 Romans
1222 2726 1338 2767 Mela
1366 2737 1421 2767 111
1450 2728 1474 2766 2
1501 2727 1540 2767 3.
1603 2724 1710 2766 Plin.
1733 2725 1869 2778 (cited

311 2799 479 2853 above).

401 2878 696 2909 PRosECATVR
720 2867 773 2908 23
796 2867 866 2907 46.
