1975 3306
102 171 145 213 p.
175 156 303 197 1161.
333 156 401 209 10]
571 153 1014 197 APOLOGETICVS
1047 155 1114 203 39,
1149 154 1204 194 40
1580 156 1661 195 401

103 271 214 326 quod
257 277 389 314 essent
429 271 544 313 soliti
584 277 693 313 stato
741 271 809 312 die
850 276 945 312 ante
984 269 1118 311 lucem
1158 269 1379 310 conuenire
1416 283 1666 325 carmenque

107 342 273 385 Christo
306 343 430 398 quasi
465 343 539 385 deo
572 342 711 384 dicere
742 357 880 384 secum
911 341 1105 383 inuicem.

194 428 232 469 p.
270 416 350 455 116
385 414 407 455 l.
442 416 467 454 8
502 425 665 455 FACTIO
709 412 811 454 Sall.
854 412 949 468 Ing.
993 414 1046 453 31
1090 409 1109 468 ἓ
1152 413 1204 453 15
1247 410 1348 452 haec
1389 411 1501 452 inter
1542 411 1665 453 bonos

103 484 312 533 amicitia,
342 484 454 525 inter
485 484 621 525 malos
641 483 785 538 factio
819 489 889 524 est.

765 594 872 637 CAP.
905 593 986 635 XL

192 697 231 738 p.
268 684 351 723 116
391 682 415 723 1.
452 683 506 723 10
538 697 569 723 c.
609 684 676 723 40.
739 682 788 723 cf.
823 697 854 722 c.
895 683 959 723 20.
1022 681 1135 738 Aug.
1168 680 1214 722 in
1247 681 1312 722 Ps.
1346 683 1401 723 80
1436 679 1455 739 ξ
1491 684 1512 723 1
1551 683 1704 730 med.5

103 752 174 805 (IV
225 749 359 793 1225‘1
405 752 596 803 Gaume)
648 751 874 793 heabhen's
926 757 1104 793 taunbs:
1168 751 1389 793 abundare
1436 767 1663 808 pressuras

104 820 360 876 temporibus
394 821 1013 876 Christianis...prouerbium.·
1056 836 1136 862 non
1168 821 1284 876 pluit
1319 821 1447 870 Deus,
1484 821 1566 863 duc
1607 823 1664 865 ad

107 891 383 933 Christianos
445 891 512 933 De
543 891 726 934 Ciuitat.
757 891 842 932 Dei
872 891 927 932 in.
990 890 1109 933 Oros.
1140 891 1243 932 Arn.
1274 906 1334 947 pr.
1398 893 1510 949 Aug.
1541 907 1605 948 ep.
1638 895 1661 935 5

107 963 175 1004 Ad
210 963 514 1005 Marcellinum
553 963 667 1017 [now
701 963 825 1019 epist.
863 965 947 1004 138
975 961 995 1019 ξ
1028 964 1092 1004 16.
1156 962 1206 1004 A.
1224 961 1287 1016 S]
1319 962 1419 1005 haec
1448 963 1665 1019 9enemlis

106 1034 340 1090 conquestio
373 1034 644 1076 calumniosa
675 1039 733 1075 est
761 1039 840 1075 ebe.
904 1032 1023 1074 Oros.
1048 1044 1063 1073 1
1087 1034 1112 1073 8
1134 1030 1153 1088 ξ
1177 1034 1242 1073 14.
1295 1044 1345 1073 IV
1369 1034 1393 1074 6
1416 1030 1455 1090 §ss
1477 1035 1661 1076 34-42.
1685 1052 1728 1076 10

107 1103 203 1161 23}
230 1106 293 1146 10.
347 1115 415 1144 VII
439 1103 492 1145 37
521 1101 561 1160 ἐξ
590 1104 745 1144 6—10.
768 1117 854 1158 esp.
878 1102 953 1143 the
982 1102 1115 1143 letter
1143 1102 1190 1143 of
1216 1102 1483 1145 Maximinus
1513 1104 1663 1160 copied

105 1175 213 1215 from
244 1190 269 1216 a
295 1175 451 1216 brazen
481 1173 609 1230 pillar
636 1180 682 1215 ab
704 1174 816 1229 Tyre
839 1172 1015 1224 (Euseb.
1046 1172 1161 1214 Hist.
1193 1172 1304 1214 Eecl.
1327 1184 1379 1214 IX
1403 1172 1425 1214 7
1448 1172 1487 1230 ἐξ
1509 1176 1664 1225 2-14,

106 1246 155 1287 cf.
187 1251 290 1287 nobe
324 1261 378 1286 on
411 1245 435 1286 1.
470 1247 555 1297 14).
624 1244 904 1285 Elmenhorsb
936 1259 991 1285 on
1023 1244 1186 1285 Arnob.
1219 1259 1257 1300 p.
1293 1247 1328 1285 2.
1390 1243 1430 1302 ἓξ
1461 1247 1500 1287 3.
1531 1248 1558 1287 4
1589 1246 1662 1288 fin.

108 1315 387 1356 Elmenhorst
404 1314 489 1355 and
509 1314 726 1369 Godefroy
742 1313 828 1355 cite
847 1313 1018 1354 Nouell.
1039 1313 1267 1355 Theodosii
1287 1325 1322 1354 ΙΙ
1341 1313 1408 1356 tit..
1426 1313 1484 1372 35
1506 1318 1531 1357 8
1547 1316 1590 1370 [l.
1609 1315 1662 1358 75

107 1385 556 1440 Mommsen-Meyer]‚
579 1383 718 1425 which
743 1390 868 1425 turns
891 1384 966 1425 the
989 1384 1130 1425 tables
1153 1399 1209 1425 on
1230 1384 1358 1433 Jews,
1381 1384 1663 1436 Samaritam,
1684 1399 1728 1432 15

106 1454 305 1504 heretics,
329 1454 499 1511 Pagans
521 1455 597 1507 (an
627 1454 792 1495 diutius
818 1453 1086 1509 perferemus
1112 1454 1276 1495 mutari
1297 1460 1532 1510 temporum
1553 1456 1666 1499 uices

104 1525 224 1566 irata
246 1525 354 1566 caeli
375 1524 583 1580 temperie,
608 1539 713 1579 quae
733 1538 1010 1578 paqanorum
1038 1523 1286 1565 exacerbata
1312 1525 1506 1580 perfidia
1535 1527 1666 1570 nescit

105 1600 287 1636 naturae
320 1594 575 1636 libramenta
615 1595 819 1635 seruare?
860 1593 973 1635 unde
1007 1594 1120 1635 enim
1158 1609 1231 1636 uer
1262 1595 1436 1636 solitam
1469 1598 1666 1651 qratiam

108 1665 477 1706 abiurauit...nisi
496 1665 607 1720 quod
636 1664 694 1706 acl
725 1664 946 1720 inpietatis
970 1664 1208 1706 uindictam
1241 1665 1397 1707 transit
1429 1667 1533 1722 leqis
1563 1683 1667 1711 suae

106 1741 267 1776 natura
298 1734 509 1776 decretum
523 1736 559 1788 ἲ)
622 1734 849 1775 Firmilian
872 1733 917 1774 in
941 1733 1070 1790 Cypr.
1092 1749 1155 1790 ep.
1183 1733 1235 1776 75
1257 1734 1277 1792 ξ
1302 1738 1365 1785 10,
1387 1738 1663 1792 Ρ6Γ366η15101]
1683 1753 1728 1777 20

106 1810 372 1860 consequent
404 1820 458 1846 on
491 1804 771 1860 earthquake.
856 1803 986 1860 Cypr.
1018 1804 1089 1846 Ad
1121 1805 1459 1848 Demetrianum
1492 1823 1524 1850 e.
1562 1811 1598 1849 2.
1625 1811 1661 1852 3.

107 1877 143 1916 4.
184 1879 218 1916 5.
280 1874 394 1931 Aug.
433 1874 569 1916 Serm.
605 1874 659 1915 87
700 1876 753 1916 13
787 1874 857 1915 fin.
890 1889 1009 1916 nemo
1042 1874 1184 1916 dicat:
1230 1881 1357 1918 antea
1390 1878 1541 1920 melior
1572 1887 1664 1922 erat

105 1945 291 1986 mundus
323 1960 451 2000 quam
487 1944 631 1986 modo:
673 1960 722 1986 eac
754 1959 833 1999 quo
872 1946 1006 2001 coepit
1036 1946 1114 1987 iste
1148 1945 1336 1988 medicus
1372 1954 1505 1990 artem
1540 1964 1664 1992 suam

107 2030 305 2063 exercere,
341 2015 480 2056 multa
521 2015 589 2056 hic
630 2015 825 2056 uidemus
861 2014 1083 2056 horrenda.
1148 2030 1262 2057 omn.
1299 2015 1411 2073 Aug.
1455 2017 1522 2060 De
1565 2018 1662 2063 Ciu.

107 2085 193 2127 Dei
224 2096 259 2125 ΙΙ
294 2088 330 2126 2.
364 2087 389 2126 3
422 2100 498 2141 eg.
531 2085 715 2141 proverb
747 2085 910 2140 quoted
943 2085 1080 2126 below
1112 2100 1165 2126 on
1199 2085 1287 2128 line
1321 2089 1385 2129 15.
1448 2088 1608 2132 Arnob.
1642 2103 1657 2132 Ι
1681 2104 1726 2137 25

107 2153 172 2212 §1
206 2161 430 2210 postquam
462 2169 547 2196 esse
577 2154 622 2194 in
654 2155 812 2196 mundo
851 2154 1101 2196 Christiana
1131 2171 1234 2210 qens
1267 2157 1411 2212 coepit,
1442 2164 1659 2202 terrarum

108 2224 247 2266 orbem
282 2224 454 2279 perisse.
521 2223 667 2266 Passio
711 2223 824 2278 (Gr.)
866 2224 1095 2280 Porphyrii
1129 2224 1175 2265 in
1218 2225 1498 2269 Elmenhorsb
1538 2244 1577 2284 p.
1623 2232 1660 2271 2.

107 2306 161 2335 ΠΙ
183 2293 203 2351 ξ
223 2296 277 2336 36
307 2294 474 2335 audetis
501 2294 729 2343 intendere,
751 2295 887 2336 nostri
913 2295 1099 2336 nominis
1128 2310 1259 2337 causa
1288 2311 1355 2338 res
1376 2297 1588 2341 humanas
1609 2300 1660 2342 ab

105 2364 174 2406 dis
189 2364 344 2420 premi.
403 2375 452 2404 IV
473 2362 493 2420 ξ
516 2365 570 2404 24
594 2379 696 2405 nam
717 2379 790 2405 nos
811 2364 981 2419 quidem
1003 2364 1108 2419 quid
1129 2364 1180 2406 de
1201 2365 1294 2406 illis
1315 2378 1349 2409 <
1366 2366 1435 2408 dis
1455 2369 1609 2411 uestris
1627 2381 1659 2412 >

105 2434 342 2489 aliquando
374 2439 450 2474 aut
479 2433 777 2475 inconueniens
807 2434 1014 2475 sensimus
1046 2440 1121 2476 aut
1162 2436 1536 2491 conscriptionibus
1572 2440 1658 2481 edi·
1678 2456 1722 2488 30

105 2504 249 2546 dimus
289 2503 513 2551 indecoris,
559 2509 605 2544 ut
645 2502 690 2543 in
733 2503 951 2544 inuidiam
997 2504 1218 2545 iaciantur
1265 2511 1455 2548 nostram
1497 2507 1659 2551 labores

101 2575 269 2629 qeneris
320 2573 498 2614 humani
549 2578 585 2614 et
623 2573 938 2614 commoditates
979 2574 1129 2629 quibus
1170 2575 1337 2616 uiuitur
1377 2577 1658 2622 imminutae?

106 2643 224 2700 Orig.
253 2643 301 2684 in
326 2644 454 2684 Mati.
477 2658 509 2684 c.
539 2644 594 2683 24
621 2658 657 2684 V.
689 2644 712 2684 9
741 2643 810 2696 (IV
844 2644 928 2684 270
960 2643 1147 2698 Lomm.)
1179 2659 1274 2686 cum
1304 2645 1404 2688 haec
1436 2662 1531 2702 cryc
1564 2663 1655 2690 con—

104 2714 277 2768 tiqerint
302 2714 470 2762 mundo,
493 2727 741 2767 consequens
769 2718 827 2754 est
849 2713 977 2768 quasi
1006 2713 1389 2769 derelinquentibus
1418 2715 1656 2760 hominibus

104 2782 279 2825 deorum
300 2783 525 2831 culturam,
551 2787 594 2823 ut
609 2788 789 2837 propter
808 2782 1128 2824 multitudinem
1145 2782 1488 2827 Christianorum
1510 2786 1655 2829 dicant
1675 2796 1718 2828 35

95 2852 201 2907 fieri
221 2852 332 2894 bella
353 2858 390 2894 et
408 2852 556 2908 fames
577 2857 615 2893 et
633 2851 906 2906 pestilentias.
957 2851 1210 2907 frequenter
1230 2854 1342 2895 enim
1361 2854 1506 2911 famis
1526 2871 1655 2899 causa.

213 2950 253 2976 M.
271 2950 304 2978 T.
1497 2944 1546 2981 26
