1975 3306
266 164 319 204 32
846 163 1253 205 TERTVLLIANI

264 284 498 320 conuertar
535 278 592 319 ad
630 278 858 334 populum.
921 277 1040 328 Quot
1076 278 1213 320 uultis
1251 293 1303 319 ex
1342 278 1409 320 his
1445 278 1838 320 circumstantibus

265 365 311 401 et
335 360 380 402 in
407 359 756 402 Christianorum
782 360 1040 415 sanguinem
1068 359 1307 410 hiantibus,
1337 374 1390 400 ex
1415 359 1521 415 ipsis
1548 360 1681 401 etiam
1708 359 1835 401 uobis

262 441 513 483 iustissimis
541 446 585 482 et
611 441 894 482 seuerissimis
920 441 965 482 in
992 456 1071 482 nos
1098 441 1372 496 praesidibus
1399 441 1518 497 apud
1545 441 1834 483 conscientias

264 523 448 579 pulsem,
475 523 549 578 qui
572 528 702 564 natos
726 521 808 564 sibi
831 521 990 564 liberos
1014 523 1222 564 enecent?
1287 522 1511 577 Siquidem
1536 528 1581 564 et
1603 522 1657 564 de
1679 537 1833 577 genere

263 605 382 647 necis
407 605 568 655 differt,
596 605 750 659 utique
775 603 993 645 crudelius
1016 604 1062 645 in
1087 618 1202 659 aqua
1228 604 1431 659 spiritum
1458 604 1731 658 extorquetis
1755 609 1834 644 aut
1853 624 1877 655 5

264 691 414 747 frigori
448 696 493 733 et
525 691 631 732 fami
666 696 710 732 et
743 690 925 731 canibus
959 690 1192 745 exponitis.
1254 690 1385 731 Ferro
1420 690 1535 731 enim
1568 690 1677 731 mori
1711 695 1834 731 aetas

265 792 442 833 quoque
477 777 616 819 maior
651 777 887 832 optauerit.
949 776 1088 818 Nobis
1123 791 1226 818 uero
1263 776 1395 818 semel
1431 776 1665 818 homicidio
1700 776 1831 817 inter-

264 864 384 907 dicto
412 865 547 906 etiam
574 869 837 920 conceptum
863 869 1003 914 utero,
1032 864 1139 905 dum
1166 864 1311 905 adhuc
1338 864 1514 919 sanguis
1539 864 1584 905 in
1611 864 1833 905 hominem

265 951 499 1002 delibatur,
535 951 772 992 dissoluere
805 965 894 992 non
927 950 1042 992 licet.
1103 950 1342 992 Homicidii
1376 950 1602 992 festinatio
1637 955 1704 992 est
1737 965 1833 1005 pro-

267 1039 415 1080 hibere
432 1038 565 1089 nasci,
584 1052 664 1079 nec
681 1037 815 1079 refert
831 1043 986 1079 natam
1005 1038 1102 1093 quis
1120 1038 1277 1093 eripiat
1294 1038 1488 1079 animam
1506 1052 1562 1079 an
1579 1043 1834 1079 nascentem
1857 1053 1905 1075 10

265 1125 500 1167 disturbet.
561 1124 709 1166 Homo
737 1130 804 1166 est
830 1129 874 1166 et
900 1124 975 1179 qui
1002 1129 1069 1166 est
1094 1124 1293 1175 futurus3
1338 1125 1472 1166 etiam
1498 1124 1668 1166 fructus
1694 1125 1835 1166 omnis

265 1214 355 1255 iam
384 1213 430 1254 in
460 1212 625 1253 semine
654 1217 734 1254 est.
795 1211 863 1252 De
893 1212 1116 1267 sanguinis
1146 1212 1309 1267 pabulo
1341 1217 1386 1253 et
1416 1212 1629 1253 eiusmodi
1659 1212 1835 1267 tragicis

266 1299 440 1341 ferculis
459 1299 602 1355 legite,
624 1298 783 1340 necubi
802 1298 992 1340 relatum
1011 1299 1069 1340 sit
1090 1301 1174 1351 (est
1193 1298 1312 1354 apud
1332 1298 1624 1349 Herodotum,
1646 1299 1832 1354 opinor),

266 1386 471 1428 defusum
497 1386 687 1427 brachiis
713 1386 972 1441 sanguinem
1000 1400 1052 1426 ex
1079 1385 1292 1427 alterutro
1321 1385 1606 1441 degustatum
1632 1385 1834 1427 nationes

267 1473 484 1529 quasdam
529 1473 693 1514 foederi
739 1487 1012 1528 conparasse.
1074 1472 1231 1513 Nescio
1277 1472 1384 1527 quid
1430 1477 1474 1513 et
1518 1471 1599 1513 sub
1647 1471 1834 1513 Catilina
1857 1489 1902 1520 15

267 1560 554 1616 degustatum
583 1565 662 1601 est.
723 1559 863 1601 Aiunt
892 1565 936 1601 et
964 1559 1084 1615 apud
1113 1559 1329 1614 quosdam
1357 1559 1540 1615 gentiles
1569 1559 1834 1614 Scytharum

267 1647 529 1688 defunctum
566 1660 785 1701 quemque
821 1660 846 1687 a
881 1645 970 1687 suis
1006 1645 1188 1687 comedi.
1250 1645 1398 1701 Longe
1435 1659 1628 1686 excurro.
1690 1645 1835 1686 Hodie

266 1735 367 1776 istic
389 1734 596 1775 Bellonae
617 1738 816 1775 sacratus
836 1733 1013 1788 sanguis
1034 1732 1088 1774 de
1109 1733 1272 1774 femore
1293 1733 1506 1788 proscisso
1527 1733 1572 1774 in
1593 1733 1834 1788 palmulam

268 1826 480 1877 exceptus
509 1826 554 1863 et
583 1821 673 1862 esui
703 1821 835 1862 datus
863 1821 1021 1875 signat.
1082 1820 1198 1861 Item
1227 1820 1288 1861 illi
1318 1820 1393 1875 qui
1422 1834 1602 1861 munere
1629 1820 1674 1861 in
1704 1835 1835 1861 arena

268 1909 503 1951 noxiorum
536 1908 836 1963 iugulatorum
870 1907 1127 1963 sanguinem
1161 1912 1381 1949 recentem
1416 1907 1470 1948 de
1502 1907 1651 1963 iugulo
1686 1907 1835 1949 decur-
1858 1927 1907 1949 20

268 2001 441 2037 rentem
464 2000 698 2050 exceptum
716 1994 847 2036 auida
867 1994 941 2036 siti
963 1994 1172 2035 comitiali
1194 1994 1347 2036 morbo
1369 1994 1595 2036 medentes
1616 1994 1835 2045 auferunt,

271 2083 347 2124 ubi
369 2083 500 2124 sunt?
541 2082 649 2123 item
669 2081 730 2123 illi
752 2081 827 2136 qui
849 2081 903 2122 de
924 2095 1056 2122 arena
1078 2080 1226 2122 ferinis
1247 2080 1439 2122 obsoniis
1461 2086 1661 2131 coenant,
1686 2081 1760 2136 qui
1783 2081 1836 2122 de

272 2184 392 2224 apro,
427 2169 502 2224 qui
534 2168 588 2210 de
619 2182 747 2210 ceruo
779 2169 966 2223 petunt?
1028 2167 1146 2222 Aper
1175 2167 1246 2208 ille
1277 2182 1408 2222 quem
1440 2168 1702 2218 cruentauit,
1737 2182 1835 2210 con-

271 2255 482 2297 luctando
518 2255 713 2296 detersit.
775 2255 938 2296 Ceruus
971 2254 1042 2295 ille
1075 2254 1120 2295 in
1154 2254 1408 2309 gladiatoris
1442 2254 1652 2309 sanguine
1685 2255 1834 2296 iacuit.

243 2397 245 2400 ⁴
271 2342 476 2397 Ipsorum
507 2356 708 2382 ursorum
739 2340 852 2382 aluei
883 2345 1157 2395 appetuntur
1188 2340 1461 2382 cruditantes
1491 2340 1636 2382 adhuc
1667 2341 1720 2382 de
1751 2342 1834 2383 uis·
1857 2359 1904 2390 25

273 2427 443 2468 ceribus
471 2411 697 2468 humanis)
750 2427 973 2468 Ructatur
1000 2426 1182 2481 proinde
1210 2426 1266 2467 ab
1295 2426 1470 2467 homine
1499 2440 1597 2467 caro
1626 2432 1754 2481 pasta
1783 2427 1836 2468 de

273 2514 462 2556 homine.
524 2514 647 2554 Haec
663 2513 737 2568 qui
755 2513 895 2563 editis,
915 2518 1133 2568 quantum
1149 2513 1312 2555 abestis
1328 2528 1353 2554 a
1370 2513 1582 2554 conuiuiis
1599 2513 1835 2555 Christian-

273 2602 426 2642 orum?
490 2600 635 2641 Minus
663 2605 814 2641 autem
843 2605 888 2641 et
914 2600 975 2641 illi
1004 2599 1174 2640 faciunt
1203 2599 1277 2654 qui
1305 2599 1485 2640 libidine
1513 2599 1603 2640 fera
1633 2599 1836 2641 humanis

274 2687 482 2728 membris
507 2686 694 2736 inhiant,
723 2686 826 2740 quia
852 2686 978 2727 uiuos
1003 2686 1191 2727 norant?
1237 2686 1381 2726 minus
1407 2685 1600 2726 humano
1626 2686 1836 2741 sanguine

274 2773 332 2814 ad
353 2772 609 2827 spurcitiam
632 2777 954 2821 consecrantur,
979 2771 1081 2826 quia
1102 2771 1302 2812 futurum
1323 2771 1579 2826 sanguinem
1600 2771 1830 2813 lambunt?
1854 2793 1903 2824 30

275 2859 317 2899 N
320 2873 376 2900 on
399 2858 537 2899 edunt
557 2857 750 2898 infantes
771 2857 912 2912 plane,
937 2857 1012 2899 sed
1034 2857 1172 2912 magis
1194 2857 1391 2912 puberes.
1453 2857 1697 2898 Erubescat
1719 2872 1835 2899 error
