1975 3306
278 100 356 139 146
854 97 1261 139 TERTVLLIANI

277 213 387 254 tiam
418 212 579 254 doloris
610 218 655 254 et
685 213 840 254 mortis
871 213 1119 263 hortantur,
1153 218 1204 254 ut
1234 212 1381 254 Cicero
1412 213 1458 254 in
1489 212 1758 263 Tusculanis,
1792 218 1844 255 ut

275 282 440 324 Seneca
473 283 518 325 in
553 283 780 333 Fortuitis,
818 288 869 324 ut
903 282 1134 338 Diogenes,
1171 288 1223 324 ut
1257 283 1471 337 Pyrrhon,
1508 288 1560 324 ut
1594 282 1840 324 Callinicus.

276 352 367 393 Nec
401 358 552 394 tamen
586 358 736 394 tantos
768 352 1004 394 inueniunt
1036 352 1171 394 uerba
1205 352 1442 408 discipulos
1475 357 1667 407 quantos
1701 352 1841 394 Chris-

276 422 385 463 tiani
418 422 547 464 factis
579 422 790 463 docendo.
852 422 933 463 Illa
964 422 1060 477 ipsa
1092 422 1347 472 obstinatio,
1383 436 1517 477 quam
1550 421 1839 477 exprobratis,

275 492 486 547 magistra
518 497 596 534 est.
659 491 765 542 Quis
796 492 912 533 enim
942 507 1031 533 non
1062 492 1436 547 contemplatione
1468 492 1559 533 eius
1589 492 1842 533 concutitur
1863 510 1883 541 5

276 561 333 602 ad
358 561 669 616 requirendum
695 561 802 617 quid
826 561 947 603 intus
972 562 1017 603 in
1043 575 1087 602 re
1113 562 1197 603 sit?
1243 562 1340 617 quis
1365 576 1467 612 non,
1494 561 1570 603 ubi
1596 562 1838 617 requisiuit,

276 631 473 673 accedit?
533 631 609 673 ubi
649 631 844 682 accessit,
887 632 982 687 pati
1023 637 1221 687 exoptat,
1265 637 1316 673 ut
1356 637 1501 673 totam
1542 631 1611 673 dei
1651 632 1840 687 gratiam

275 701 476 752 redimat,
518 706 570 743 ut
607 715 783 742 omnem
822 701 998 742 ueniam
1036 701 1092 742 ab
1132 715 1182 743 eo
1221 701 1580 756 compensatione
1617 701 1841 757 sanguinis

275 771 341 812 sui
365 771 599 826 expediat?
664 770 822 813 Omnia
845 772 961 812 enim
984 771 1085 812 huic
1107 771 1227 826 operi
1249 771 1409 813 delicta
1432 771 1668 812 donantur.
1730 771 1840 812 Inde

276 846 354 892 est,
395 841 515 896 quod
550 841 714 882 ibidem
751 841 981 882 sententiis
1018 841 1175 882 uestris
1211 841 1376 896 gratias
1413 841 1595 897 agimus.
1673 840 1737 882 Ut
1774 846 1841 882 est
1865 855 1909 878 10

274 911 512 952 aemulatio
547 911 724 952 diuinae
758 911 818 953 rei
854 916 898 952 et
928 911 1165 965 humanae,
1203 925 1303 952 cum
1338 911 1603 952 damnamur
1638 925 1663 952 a
1699 910 1838 961 uobis,

276 995 300 1021 a
332 981 413 1022 deo
445 981 729 1023 absoluimur.
