1975 3306
238 140 315 180 140
813 144 1218 185 TERTVLLIANI

233 252 279 294 in
313 254 573 297 immensam
609 258 885 299 aeternitatis
919 259 1277 313 perpetuitatem.
1339 258 1533 313 Ideoque
1568 271 1647 299 nec
1681 270 1798 297 mors

233 339 335 389 iam,
376 356 454 382 nec
492 358 639 385 rursus
677 359 726 385 ac
764 360 912 386 rursus
949 346 1219 395 resurrectio,
1259 345 1335 386 sed
1373 345 1532 386 erimus
1568 344 1685 386 idem
1722 343 1797 398 qui

233 440 363 477 nunc,
398 443 477 469 nec
510 430 582 471 alii
615 437 728 485 post,
764 432 832 472 dei
866 432 1044 487 quidem
1077 432 1265 473 cultores
1297 432 1417 487 apud
1449 431 1580 473 deum
1612 444 1795 485 semper,

233 516 510 569 superinduti
545 517 796 559 substantia
832 519 1007 574 propria
1042 519 1339 560 aeternitatis:
1392 518 1565 574 profani
1599 532 1716 568 uero,
1754 522 1799 558 et

235 595 310 649 qui
336 610 425 637 non
449 597 617 653 integre
642 598 699 639 ad
725 599 869 649 deum,
897 599 942 640 in
968 614 1109 654 poena
1135 613 1273 654 aeque
1298 599 1409 654 iugis
1433 599 1556 654 ignis,
1585 598 1798 640 habentes
1819 612 1839 642 5

234 691 287 717 ex
328 677 423 732 ipsa
464 684 624 721 natura
666 681 756 722 eius
798 681 995 722 diuinam
1036 681 1200 722 scilicet
1240 680 1694 722 subministrationem
1733 680 1796 721 in-

235 760 630 814 corruptibilitatis
692 762 926 804 Nouerunt
958 768 1002 805 et
1034 763 1282 820 philosophi
1315 764 1618 806 diuersitatem
1652 761 1799 802 arcani

235 845 280 881 et
314 841 477 895 publici
510 842 634 897 ignis.
695 843 768 885 Ita
801 844 928 899 longe
961 844 1072 886 alius
1106 851 1172 887 est
1205 846 1280 900 qui
1314 845 1412 887 usui
1445 845 1652 892 humano,
1689 842 1798 883 alius

235 922 311 976 qui
342 922 502 964 iudicio
535 924 604 965 dei
636 931 834 980 apparet,
869 926 960 967 siue
992 926 1046 968 de
1077 928 1195 969 caelo
1228 927 1413 969 fulmina
1444 926 1673 981 stringens,
1707 924 1799 966 siue

235 1001 291 1042 de
324 1008 440 1044 terra
474 1019 550 1059 per
584 1006 769 1047 uertices
803 1007 1022 1048 montium
1057 1013 1282 1059 eructans3
1333 1022 1422 1050 non
1457 1007 1569 1048 enim
1605 1005 1800 1047 absumit
1822 1021 1866 1043 10

236 1084 356 1138 quod
387 1086 543 1136 exurit,
576 1087 651 1128 sed
681 1087 787 1128 dum
817 1094 981 1144 erogat,
1013 1095 1202 1144 reparat.
1264 1089 1385 1130 Adeo
1416 1093 1598 1130 manent
1628 1092 1801 1128 montes

235 1180 408 1221 semper
434 1169 650 1220 ardentes,
681 1175 726 1212 et
752 1171 827 1225 qui
855 1171 908 1212 de
935 1172 1053 1213 caelo
1081 1172 1291 1227 tangitur,
1321 1171 1468 1213 saluus
1496 1175 1574 1219 est,
1603 1174 1655 1210 ut
1680 1168 1799 1209 nullo

235 1248 325 1289 iam
353 1249 441 1305 igni
470 1251 778 1294 decinerescat.
840 1253 900 1294 Et
929 1253 1010 1295 hoc
1039 1254 1121 1295 erit
1149 1253 1452 1295 testimonium
1479 1252 1591 1307 ignis
1619 1251 1797 1300 aeterni,

238 1329 319 1371 hoc
340 1333 589 1387 exemplum
608 1334 718 1389 iugis
737 1334 885 1376 iudicii
904 1350 1091 1390 poenam
1111 1335 1359 1376 nutrientis.
1421 1334 1594 1375 Montes
1613 1337 1802 1374 uruntur

237 1417 283 1453 et
304 1412 479 1455 durant.
543 1414 658 1465 Quid
678 1422 886 1458 nocentes
908 1422 952 1458 et
973 1417 1042 1458 dei
1064 1417 1237 1458 hostes?
1824 1431 1866 1462 15

323 1556 398 1598 49.
458 1557 556 1599 Hae
577 1565 682 1600 sunt
703 1574 815 1614 quae
836 1560 881 1601 in
901 1560 1028 1602 nobis
1049 1561 1150 1602 solis
1170 1560 1550 1616 praesumptiones
1570 1563 1799 1608 uocantur,

237 1636 284 1677 in
314 1637 584 1693 philosophis
615 1645 659 1681 et
689 1641 831 1695 poe'tis
860 1655 1058 1682 summae
1088 1641 1295 1682 scientiae
1326 1646 1370 1682 et
1398 1640 1584 1695 insignia
1613 1639 1800 1694 ingenia.

239 1717 308 1758 Illi
336 1718 587 1773 prudentes,
616 1735 695 1761 nos
722 1721 883 1776 inepti;
928 1721 988 1762 illi
1016 1721 1274 1772 honorandi,
1302 1736 1382 1762 nos
1408 1720 1638 1769 inridendi,
1666 1720 1802 1761 immo

238 1813 288 1840 eo
330 1800 519 1855 amplius
560 1806 604 1842 et
643 1802 867 1856 puniendi.
928 1803 1057 1844 Falsa
1097 1817 1214 1843 nunc
1253 1802 1342 1844 sint
1383 1817 1495 1857 quae
1535 1807 1718 1843 tuentur
1759 1807 1803 1842 et

240 1880 395 1921 merito
444 1883 758 1937 praesumptio,
809 1888 1010 1924 attamen
1058 1883 1321 1934 necessaria;
1387 1883 1551 1938 inepta,
1601 1888 1801 1924 attamen
1822 1901 1869 1923 20

240 1961 388 2012 utilia;
428 1963 644 2018 siquidem
673 1965 871 2005 meliores
899 1965 990 2006 fieri
1019 1970 1235 2020 coguntur
1263 1965 1338 2020 qui
1366 1965 1425 2006 eis
1453 1965 1650 2013 credunt,
1680 1968 1802 2005 metu

240 2044 406 2085 aeterni
435 2046 636 2100 supplicii
666 2051 710 2088 et
738 2061 813 2101 spe
842 2047 1008 2088 aeterni
1036 2047 1257 2102 refrigerii.
1319 2047 1479 2101 Itaque
1506 2061 1595 2088 non
1625 2045 1803 2100 expedit

241 2125 351 2167 falsa
373 2126 457 2168 dici
477 2141 557 2168 nec
576 2128 728 2182 inepta
749 2128 899 2169 haberi
921 2143 1034 2183 quae
1055 2128 1234 2183 expedit
1254 2143 1357 2169 uera
1378 2127 1610 2183 praesumi.
1672 2127 1802 2168 Nullo

240 2207 372 2249 titulo
413 2208 613 2250 damnari
652 2210 755 2251 licet
794 2210 972 2251 omnino
1005 2225 1118 2265 quae
1150 2215 1348 2265 prosunt.
1410 2210 1462 2251 In
1495 2209 1621 2251 uobis
1652 2209 1804 2264 itaque

241 2291 542 2345 praesumptio
576 2297 642 2333 est
674 2292 781 2333 haec
813 2292 908 2347 ipsa
941 2307 1054 2347 quae
1087 2292 1272 2333 damnat
1306 2292 1442 2333 utilia.
1505 2291 1692 2332 Proinde
1724 2305 1803 2332 nec
1825 2308 1868 2339 25

242 2372 394 2426 inepta
412 2387 502 2414 esse
519 2379 726 2428 possunt3
762 2380 878 2415 certe
896 2374 976 2415 etsi
994 2374 1103 2415 falsa
1121 2379 1165 2415 et
1181 2374 1345 2428 inepta,
1365 2373 1471 2424 nulli
1489 2379 1639 2414 tamen
1656 2373 1800 2414 noxia.

245 2451 359 2492 Nam
382 2458 426 2494 et
446 2454 596 2495 multis
617 2455 711 2496 aliis
731 2455 887 2496 similia
909 2455 1068 2510 quibus
1088 2455 1229 2496 nullas
1250 2469 1413 2510 poenas
1432 2454 1655 2509 inrogatis,
1678 2453 1803 2495 uanis

245 2537 290 2573 et
334 2532 556 2583 fabulosis,
604 2535 867 2576 inaccusatis
913 2541 957 2577 et
1000 2535 1226 2590 inpunitis,
1274 2540 1325 2577 ut
1368 2535 1569 2576 innoxiis.
1631 2534 1715 2576 Sed
1759 2535 1801 2576 in

247 2613 457 2655 eiusmodi
492 2616 619 2665 enim,
654 2617 687 2657 si
721 2617 887 2671 utique,
920 2617 1071 2658 inrisui
1102 2617 1386 2658 iudicandum
1420 2621 1498 2666 est,
1532 2631 1620 2657 non
1650 2615 1804 2671 gladiis

247 2700 292 2735 et
312 2695 484 2749 ignibus
507 2701 550 2737 et
572 2697 771 2738 crucibus
793 2703 837 2739 et
858 2698 1021 2747 bestiis,
1046 2698 1099 2739 de
1121 2712 1208 2752 qua
1229 2697 1464 2752 iniquitate
1486 2697 1695 2738 saeuitiae
1716 2710 1803 2737 non
1826 2711 1871 2742 30

248 2774 378 2815 modo
410 2788 586 2816 caecum
618 2776 699 2816 hoc
729 2777 886 2831 uulgus
917 2777 1111 2818 exsultat
1140 2782 1185 2818 et
1213 2777 1411 2827 insultat,
1443 2776 1519 2817 sed
1550 2781 1594 2818 et
1624 2776 1804 2831 quidam
