1975 3306
144 204 184 246 p.
216 192 294 231 116
318 166 343 232 i.
374 191 444 243 19]
656 156 1102 233 APOLervas
1135 192 1189 233 40
1626 191 1708 232 405

142 307 192 348 cf.
213 304 252 363 ἐξ
274 309 300 348 3
324 310 350 348 4
373 310 409 356 5,
425 323 450 348 a
472 307 571 349 wild
594 308 697 350 bull.
761 308 823 350 Cf.
850 308 1036 350 Rufinus
1066 308 1105 350 h.
1129 323 1163 351 e.
1188 320 1239 349 IX
1263 310 1287 350 6
1311 323 1371 364 pr.
1435 307 1629 364 Spencer
1650 323 1707 349 on

142 375 260 433 Orig.
282 376 429 420 Contr.
449 377 559 420 Cels.
576 390 630 419 ΙΙΙ
653 393 684 420 c.
705 380 761 419 30
778 393 816 434 p.
837 380 919 420 129
944 379 968 420 l.
994 380 1029 421 9.
1093 394 1204 420 omn.
1230 378 1396 421 Comm.
1421 393 1476 420 on
1499 378 1627 420 Mati.
1652 379 1706 420 39

142 448 213 499 (IV
243 447 327 489 270
350 447 408 496 L„
431 463 486 489 on
511 448 639 490 Mati.
669 450 724 489 24
749 449 806 501 9).
869 449 981 505 Aug.
1006 447 1154 490 Contr.
1185 448 1333 490 Faust.
1366 459 1471 489 XXII
1495 447 1549 490 79
1568 447 1640 489 fin.

231 528 407 559 TANTOS
439 533 470 560 c.
497 521 532 559 1.
595 533 627 560 c.
652 520 707 560 50
731 534 769 574 p.
793 534 847 560 m.

233 599 324 629 ORO
348 594 427 630 cet.
481 589 642 631 Arnob.
677 601 692 629 Ι
725 591 751 630 3
794 589 890 631 ‘sed
925 589 1216 645 pestilentias,'
1251 589 1461 644 inquiunt,
1498 593 1559 631 ‘et
1589 588 1707 630 sicci-
1729 600 1748 632 5

142 663 259 705 tates,
305 658 426 708 bella,
467 658 658 714 fruyum
703 659 910 713 inopiam,
957 660 1151 709 locustas,
1196 675 1338 702 ‘niures
1383 666 1421 701 et
1462 659 1708 714 9randines,

143 743 288 783 resque
329 729 445 770 alias
487 730 650 778 noxias,
695 729 845 785 quibus
890 730 1059 785 negtotia
1102 730 1380 772 incursantur
1420 730 1621 779 humana,
1663 729 1710 770 di

143 798 260 839 nobis
296 799 532 854 important
562 799 742 840 iniuriis
773 800 927 841 uestris
959 805 1083 854 atque
1115 799 1412 854 offensionibus
1443 798 1708 853 eoeasperatiff

143 870 184 909 si
203 868 245 908 in
271 868 392 910 rebus
414 869 658 924 perspicuis
685 874 723 911 et
750 869 921 910 nullam
949 868 1289 911 desiderantibus
1316 868 1599 924 defensionem
1626 883 1709 909 non

142 939 396 981 stoliditatis
416 945 518 981 esset
538 939 703 981 diutius
724 940 965 989 immorari,
990 940 1249 981 ostenderem
1273 940 1466 995 profecto
1488 938 1709 994 replicatis
1729 957 1773 980 10

137 1009 361 1064 prioribus
382 1010 564 1052 saeculis
584 1011 707 1052 mala
727 1010 813 1052 ista
844 1024 952 1065 quae
981 1009 1126 1051 dicitis
1155 1025 1236 1051 non
1266 1024 1350 1051 esse
1378 1009 1604 1064 incoynita„
1625 1023 1708 1050 non

142 1079 656 1136 repentina...‘penuria‚’
683 1080 832 1134 inquit,
856 1079 1054 1135 ‘fruyum
1080 1085 1118 1120 et
1149 1078 1709 1134 anyustiaefiumentariae

144 1150 285 1191 artius
312 1164 386 1191 nos
412 1149 587 1192 habent.'
649 1149 829 1204 antiqua
857 1149 970 1190 enim
997 1154 1035 1190 et
1062 1149 1351 1190 uetustissima
1377 1148 1549 1190 saecula
1574 1162 1707 1189 neces-

144 1219 286 1260 sitatis
327 1219 453 1260 istius
495 1218 727 1274 aliquando
762 1217 948 1274 fuerunt
988 1219 1179 1273 expertia
1195 1219 1281 1260 ?...‘
1300 1218 1493 1273 difficiles
1527 1217 1710 1272 pluuiae
1737 1239 1743 1249 ·

142 1295 239 1331 sata
270 1289 448 1345 fltciunt
483 1289 617 1330 emori
658 1294 696 1330 et
731 1288 1001 1330 sterilitatem
1041 1288 1238 1330 indicunt
1278 1288 1428 1330 terris?
1503 1288 1709 1329 immunis
1730 1305 1774 1336 15

144 1360 257 1401 enim
289 1359 524 1414 antiquitas
552 1358 680 1400 malis
708 1358 759 1400 ab
787 1359 853 1400 his
873 1359 1002 1415 fuit?
1061 1374 1158 1401 cum
1187 1359 1317 1400 etiam
1338 1359 1532 1418 flumina
1559 1373 1708 1413 009ηο-

145 1429 335 1471 uerimus
356 1429 546 1484 inyentia
570 1429 687 1470 limis
711 1429 927 1470 inaruisse
955 1428 1134 1470 siccatis.
1197 1429 1481 1484 ‘pestilentiae
1511 1427 1709 1483 contayia

143 1506 275 1541 urunt
294 1514 424 1555 glenus
445 1498 705 1541 humanum?
766 1499 995 1540 annalium
1021 1499 1248 1554 scriptores
1269 1499 1510 1554 percurrite
1539 1499 1706 1554 linqua-

143 1584 243 1610 rum
264 1569 586 1612 diuersitatibus
607 1569 781 1624 scripta,
798 1569 1025 1610 uniuersas
1046 1569 1216 1611 discetis
1240 1575 1381 1624 yentes
1407 1583 1706 1624 saepenumero

144 1639 357 1681 desolatas
399 1645 435 1681 et
471 1639 677 1680 uiduatas
710 1639 800 1680 suis
837 1654 922 1681 esse
956 1638 1489 1681 cultoribus...‘terrarum
1524 1639 1707 1680 ualidis-
1726 1657 1772 1680 20

143 1710 266 1751 simis
288 1710 466 1751 motibus
488 1710 761 1764 tremefactae
788 1716 942 1752 nutant
972 1725 1100 1766 usque
1131 1710 1189 1752 ad
1216 1710 1460 1765 periculum
1490 1709 1707 1751 ciuitates.²

143 1779 273 1834 quid?
309 1779 496 1821 hiatibus
517 1779 721 1821 maa‘imis
742 1780 995 1836 interceptas
1011 1780 1134 1821 urbes
1156 1795 1250 1821 cum
1269 1779 1459 1834 yentibus
1481 1779 1706 1834 superiora

143 1855 336 1905 tempora
377 1865 455 1891 non
499 1849 702 1891 uiderunt
717 1851 786 1891 2...
852 1865 884 1891 c.
924 1851 950 1890 4
992 1849 1161 1905 quamdo
1203 1855 1261 1890 est
1301 1848 1537 1890 humanum
1576 1863 1707 1903 yenus

144 1935 359 1975 aquarum
391 1920 575 1962 diluuiis
606 1920 938 1975 interemptum?
989 1935 1070 1962 non
1103 1925 1198 1961 ante
1229 1920 1337 1961 nos?
1383 1918 1552 1974 quando
1583 1934 1706 1960 mun-

144 1990 225 2032 dus
245 1991 438 2032 incensus
463 1992 510 2032 in
526 1991 721 2047 fauillas
743 1998 781 2033 et
802 1992 961 2034 cineres
989 1991 1222 2033 dissolutus
1252 1992 1342 2032 est?
1373 2005 1456 2032 non
1485 1996 1581 2032 ante
1602 1991 1705 2032 nos?
1725 2006 1768 2039 25

143 2061 313 2117 quando
356 2062 478 2104 urbes
519 2062 815 2118 amplissimae
856 2063 1042 2104 marinis
1084 2067 1301 2117 coopertae
1341 2066 1438 2102 sunt
1469 2060 1705 2116 fluctibus?

144 2146 224 2173 non
255 2138 351 2173 ante
379 2132 484 2174 nos?
546 2143 600 2173 ΙΙΙ
629 2134 685 2174 40
706 2132 844 2188 feras.
907 2131 1131 2173 Jerfflniah
1161 2133 1217 2172 44
1247 2132 1418 2172 15—19
1442 2130 1633 2186 (neglect
1663 2131 1710 2171 of

143 2201 219 2243 the
247 2216 389 2257 queen
416 2202 464 2243 of
490 2202 687 2254 heaven).

236 2283 326 2313 ORA
374 2283 460 2313 VOS
507 2273 556 2313 cf.
604 2287 675 2313 oro
728 2278 766 2314 te
817 2271 905 2314 Cic.
953 2271 1048 2313 Liu.
1096 2271 1195 2314 Sen.
1243 2271 1358 2313 Terb.
1409 2270 1476 2311 De
1526 2270 1703 2312 Exhorb.

146 2340 263 2383 Cast.
302 2343 327 2382 8
364 2355 425 2396 pr.
493 2341 564 2381 Ad
600 2341 729 2382 onr.
766 2353 781 2381 1
821 2343 845 2382 3
883 2356 918 2382 a.
942 2356 995 2382 m.
1031 2343 1058 2381 4
1081 2342 1105 2382 f.
1168 2340 1235 2381 De
1274 2339 1368 2382 Cor.
1403 2339 1531 2381 Milit.
1568 2341 1622 2380 14
1648 2355 1701 2381 m.
1723 2358 1768 2389 30

144 2410 199 2451 ad
228 2416 316 2451 nat.
347 2421 363 2450 Ι
394 2409 416 2451 7
448 2424 486 2466 p.
518 2411 572 2451 68
602 2410 627 2451 l.
659 2412 712 2450 25
745 2409 869 2451 Wiss.
903 2421 938 2450 ΙΙ
969 2413 994 2450 4
1022 2425 1062 2466 p.
1094 2412 1176 2451 102
1205 2410 1229 2451 l.
1260 2411 1284 2450 2
1315 2409 1440 2450 Wiss.

232 2493 270 2534 p.
297 2480 380 2520 116
404 2479 428 2519 l.
454 2480 508 2519 18
536 2489 765 2519 TIBERIVM
796 2493 827 2519 c.
852 2480 876 2519 5
899 2493 939 2520 n.
1001 2494 1033 2520 e.
1058 2480 1109 2519 21
1134 2494 1195 2534 pr.
1218 2493 1257 2534 p.
1282 2480 1336 2520 66
1360 2478 1385 2520 l.
1410 2480 1462 2519 15
1485 2492 1524 2518 n.
1588 2477 1701 2519 Adu.

143 2549 272 2591 Marc.
296 2561 311 2590 Ι
337 2551 389 2590 15
413 2564 451 2605 p.
475 2549 559 2590 309
582 2548 606 2589 l.
633 2550 685 2589 14
709 2548 784 2590 Kr.
846 2548 959 2590 Adu.
983 2548 1078 2590 Iud.
1103 2551 1140 2591 8.

231 2634 270 2675 p.
296 2622 378 2661 116
412 2619 436 2660 l.
463 2620 516 2661 19
549 2630 707 2660 ORBEM
747 2630 801 2659 ET
837 2630 985 2660 VRBES
1027 2619 1201 2661 earliest
1238 2634 1301 2660 ex.
1338 2617 1426 2661 Cic.
1460 2617 1588 2660 Catil.
1622 2630 1638 2658 1
1676 2619 1700 2660 9

143 2687 260 2728 urbis
291 2693 413 2742 atque
446 2687 550 2728 adeo
584 2686 706 2728 orbis.
1721 2708 1766 2741 35

233 2768 413 2798 HIERAN
436 2763 515 2798 cet.
554 2756 608 2797 ad
631 2762 718 2798 nat).
739 2768 753 2796 Ι
778 2758 802 2798 9
825 2772 863 2812 p.
885 2756 938 2798 73
962 2758 986 2798 l.
1007 2760 1059 2799 15
1085 2757 1209 2800 Wiss.
1233 2757 1305 2799 ubi
1332 2763 1430 2799 tunc
1455 2756 1702 2806 Christiani,

144 2841 240 2868 cum
267 2841 333 2868 res
360 2826 564 2868 Romana
593 2831 651 2867 tot
680 2826 880 2868 historias
910 2826 1103 2868 laborum
1124 2841 1299 2868 suorum
1326 2826 1704 2867 subministrauit?

146 2896 216 2937 ubi
262 2902 359 2938 tunc
408 2896 657 2946 Christiani,
699 2911 794 2938 cum
839 2897 1117 2952 Hierennape
1163 2896 1206 2950 [l.
1249 2896 1404 2946 Hiera,
1450 2896 1498 2937 N
1498 2911 1606 2952 apea
1657 2911 1704 2937 or
