1975 3306
307 174 358 214 18
885 171 1290 212 TERTVLLIANI

305 295 442 339 erant,
477 304 690 331 consensu
721 294 872 330 tamen
903 286 1078 343 publico
1110 287 1346 329 crudelitas
1377 293 1531 343 postea
1561 302 1685 329 erasa
1715 293 1795 338 est,
1827 286 1872 329 in

304 377 483 431 pudoris
509 381 663 417 notam
690 375 847 431 capitis
872 389 1014 430 poena
1041 388 1251 416 conuersa
1279 380 1357 416 est.
1420 375 1645 416 Bonorum
1671 375 1873 416 adhibita

306 464 565 519 proscriptio
629 462 881 504 suffundere
944 462 1103 503 maluit
1166 462 1354 503 hominis
1417 462 1674 518 sanguinem
1738 476 1873 517 quam

303 536 541 592 effundere.
605 550 723 600 Quot
755 549 900 591 adhuc
933 549 1059 590 uobis
1092 549 1394 604 repurgandae
1426 549 1569 591 latent
1600 549 1727 605 leges,
1763 563 1874 604 quas

305 652 447 692 neque
462 652 678 678 annorum
694 651 902 678 numerus
916 650 1058 691 neque
1074 635 1352 677 conditorum
1368 636 1560 691 dignitas
1575 636 1871 687 commendat,
1893 651 1913 683 5

305 726 381 766 sed
407 725 608 780 aequitas
634 725 752 766 sola?
783 730 827 765 et
851 724 949 765 ideo
976 738 1075 764 cum
1101 723 1278 778 iniquae
1303 729 1687 779 recognoscuntur,
1715 723 1872 765 merito

305 813 588 862 damnantur,
607 812 709 853 licet
725 812 951 852 damnent.
1008 810 1238 860 Quomodo
1255 810 1429 865 iniquas
1446 810 1658 852 dicimus?
1713 811 1870 860 Immo,

305 900 340 941 si
373 912 534 941 nomen
567 899 772 955 puniunt,
809 899 943 940 etiam
977 898 1160 939 stultas:
1211 898 1246 938 si
1279 912 1383 939 uero
1417 897 1549 948 facta,
1586 912 1662 939 cur
1695 898 1748 939 de
1781 898 1872 939 solo

305 987 482 1027 nomine
504 987 697 1041 puniunt
720 986 852 1035 facta,
879 1000 991 1040 quae
1014 985 1059 1026 in
1083 985 1177 1026 aliis
1201 984 1254 1025 de
1278 984 1482 1036 admisso,
1508 1000 1597 1026 non
1619 985 1674 1026 de
1696 985 1872 1026 nomine

305 1074 492 1129 probata
508 1073 780 1115 defendunt?
835 1073 1036 1114 Incestus
1050 1087 1160 1122 sum,
1180 1086 1255 1113 cur
1268 1087 1358 1113 non
1372 1072 1629 1127 requiruntCl
1682 1072 1871 1114 Infanti·
1895 1091 1940 1115 10

304 1163 416 1203 cidia
446 1177 522 1203 cur
550 1177 638 1203 non
668 1162 961 1216 extorquent?
1026 1161 1079 1201 In
1108 1160 1224 1210 deos,
1255 1160 1300 1201 in
1329 1160 1533 1202 Caesares
1561 1160 1728 1215 aliquid
1757 1174 1870 1201 com-

304 1249 448 1299 mitto,
474 1263 549 1289 cur
570 1263 658 1289 non
681 1247 836 1289 audior
865 1247 939 1302 qui
969 1246 1109 1288 habeo
1136 1261 1222 1301 quo
1253 1247 1437 1301 purger?
1502 1246 1633 1287 Nulla
1654 1246 1724 1287 lex
1746 1251 1872 1287 uetat

303 1336 463 1377 discuti
485 1335 604 1391 quod
624 1335 830 1390 prohibet
849 1334 1041 1383 admitti,
1065 1333 1164 1388 quia
1187 1347 1329 1388 neque
1348 1333 1481 1374 iudex
1500 1333 1614 1375 iuste
1634 1333 1870 1383 ulciscitur,

303 1423 384 1464 nisi
428 1428 665 1478 cognoscat
707 1421 948 1462 admissum
992 1435 1084 1461 esse
1127 1419 1247 1474 quod
1289 1434 1378 1460 non
1420 1420 1534 1470 licet,
1580 1434 1722 1474 neque
1765 1419 1872 1460 ciuis

302 1510 490 1551 fideliter
516 1510 598 1565 legi
627 1508 885 1563 obsequitur
912 1507 1119 1562 ignorans
1147 1506 1275 1560 quale
1303 1506 1361 1547 sit
1389 1505 1507 1560 quod
1536 1506 1759 1547 ulciscitur
1786 1506 1868 1547 lex.
1895 1523 1937 1556 ¹5

303 1597 434 1638 Nulla
465 1597 535 1638 lex
566 1596 647 1638 sibi
676 1596 754 1637 soli
784 1594 1097 1636 conscientiam
1124 1593 1320 1634 iustitiae
1349 1606 1454 1634 suae
1481 1593 1626 1643 debet,
1656 1593 1732 1634 sed
1758 1593 1817 1634 eis
1845 1608 1870 1634 a

303 1679 464 1734 quibus
499 1678 759 1733 obsequium
795 1682 1015 1731 expectat.
1078 1676 1281 1717 Ceterum
1316 1680 1520 1729 suspecta
1554 1675 1623 1716 lex
1659 1680 1725 1716 est
1759 1689 1871 1730 quac

304 1760 479 1815 probari
504 1774 548 1801 se
571 1774 660 1800 non
684 1759 794 1808 uult,
821 1758 1006 1813 inproba
1031 1762 1195 1806 autem,
1222 1757 1256 1798 si
1280 1771 1369 1797 non
1392 1756 1580 1811 probata
1604 1757 1868 1798 dominetur.

388 1904 431 1945 5.
492 1903 556 1944 Ut
600 1903 654 1944 de
699 1902 863 1957 origine
907 1901 1074 1956 aliquid
1118 1905 1408 1941 retractemus
1453 1900 1666 1941 eiusmodi
1710 1901 1868 1955 legum,

303 1990 433 2026 uetus
461 1989 556 2025 erat
583 1983 822 2033 decretum,
852 1997 906 2023 ne
934 1983 1008 2037 qui
1036 1982 1143 2022 deus
1170 1981 1226 2022 ab
1253 1981 1518 2036 imperatore
1546 1987 1871 2023 consecraretur
1892 1998 1938 2020 20

302 2066 385 2107 nisi
411 2080 435 2106 a
461 2070 619 2106 senatu
643 2065 870 2120 probatus.
932 2063 1024 2104 Scit
1048 2063 1105 2104 M.
1133 2062 1343 2103 Aemilius
1368 2062 1422 2103 de
1447 2062 1528 2103 deo
1553 2077 1631 2104 suo
1657 2062 1867 2104 Alburno.

304 2150 431 2191 Facit
461 2155 505 2190 et
535 2149 616 2189 hoc
646 2147 702 2188 ad
733 2160 911 2187 causam
941 2150 1152 2194 nostram,
1186 2143 1305 2198 quod
1335 2143 1454 2198 apud
1484 2157 1563 2184 uos
1593 2143 1646 2184 de
1676 2143 1870 2185 humano

303 2230 524 2271 arbitratu
567 2227 778 2269 diuinitas
820 2226 1081 2281 pensitatur.
1144 2225 1237 2265 Nisi
1282 2224 1447 2265 homini
1491 2223 1598 2265 deus
1641 2224 1867 2279 placuerit,

304 2311 412 2351 deus
435 2325 523 2351 non
547 2309 651 2359 erit3
693 2308 823 2349 homo
846 2307 935 2348 iam
959 2306 1040 2347 deo
1064 2305 1282 2361 propitius
1300 2319 1396 2361 esse
1419 2304 1610 2346 debebit.
1673 2304 1870 2346 Tiberius

305 2407 418 2445 ergo,
448 2391 571 2432 cuius
598 2395 795 2444 tempore
821 2402 982 2429 nomen
1009 2387 1306 2428 Christianum
1332 2386 1377 2426 in
1404 2385 1626 2427 saeculum
1651 2385 1866 2436 introiuit,
1891 2368 1943 2433 25¹

305 2472 572 2513 adnuntiata
597 2470 679 2512 sibi
705 2484 758 2510 ex
783 2469 909 2523 Syria
934 2468 1198 2517 Palaestina,
1227 2481 1340 2522 quae
1364 2467 1449 2507 illic
1474 2466 1708 2507 ueritatem
1733 2466 1869 2521 ipsius

307 2553 555 2594 diuinitatis
582 2551 900 2599 reuelauerant,
926 2549 1171 2590 detulit-ad
1199 2553 1403 2589 senatum
1431 2561 1530 2588 cum
1562 2547 1869 2602 praerogatiua

307 2633 501 2687 suffragii
548 2632 627 2673 sui.
689 2631 889 2680 Senatus,
939 2630 1042 2685 quia
1088 2643 1177 2670 non
1222 2628 1314 2683 ipse
1360 2627 1639 2682 probauerat,
1688 2628 1868 2682 respuit,

308 2715 465 2755 Caesar
481 2713 525 2753 in
542 2712 761 2753 sententia
778 2711 954 2760 mansit,
973 2710 1268 2751 comminatus
1284 2707 1523 2763 periculum
1542 2707 1871 2750 accusatoribus

307 2793 669 2836 Christianorum.
730 2792 953 2833 Consulite
975 2789 1312 2847 commentarios
1335 2794 1516 2838 uestros,
1540 2788 1626 2829 illic
1647 2788 1870 2843 reperietis
1891 2807 1938 2839 30

309 2876 499 2931 primum
519 2874 737 2915 Neronem
756 2873 800 2914 in
821 2873 934 2913 hanc
953 2878 1118 2913 sectam
1139 2885 1238 2911 cum
1258 2870 1449 2910 maxime
1468 2869 1638 2910 Romae
1656 2869 1869 2911 orientem
