1975 3306
308 145 384 184 114
883 139 1287 181 TERTVLLIANI

304 263 534 313 usurpant,
569 257 645 299 sed
679 264 723 298 et
755 271 833 297 sua
867 255 1018 296 amicis
1052 255 1372 310 patientissime
1404 255 1765 303 subministrant3
1818 268 1870 294 ex

304 328 389 374 illa..
435 327 575 376 credo,
621 327 836 367 maiorum
880 331 923 366 et
964 325 1388 380 sapientissimorum
1430 324 1672 379 disciplina,
1717 324 1870 364 Graeci

306 398 497 438 socratis
524 403 568 438 et
596 396 786 437 Romani
815 395 1006 444 Catonis,
1037 395 1111 449 qui
1140 409 1296 435 uxores
1323 409 1424 435 suas
1451 395 1602 435 amicis
1629 394 1868 435 communi-

305 473 530 517 cauerunt,
565 481 674 521 quas
706 467 750 506 in
782 465 1114 506 matrimonium
1146 465 1366 505 duxerant
1397 464 1631 505 liberorum
1664 478 1794 504 causa
1828 469 1871 504 et

305 537 407 578 alibi
445 537 746 585 creandorum,
786 535 929 576 nescio
967 535 1144 589 quidem
1182 549 1238 574 an
1274 535 1450 575 inuitas.
1514 534 1628 583 Quid
1666 534 1779 574 enim
1817 533 1909 573 de5

305 607 511 648 castitate
551 612 767 655 curarent,
810 620 940 660 quam
984 604 1130 645 mariti
1170 610 1262 645 tam
1302 604 1429 644 facile
1466 604 1769 644 donauerant?
1835 602 1870 644 O

304 677 545 731 sapientiae
577 676 766 724 Atticae,
795 690 819 715 0
854 675 1081 715 Romanae
1112 674 1345 729 grauitatis
1377 674 1649 728 exemplum:
1694 673 1870 714 lenones

305 746 590 801 philosophus
614 752 658 787 et
681 745 853 786 censor!
918 744 1031 794 Quid
1056 758 1155 798 ergo
1179 744 1351 792 mirum,
1377 744 1411 784 si
1436 749 1563 784 tanta
1587 743 1746 784 caritas
1770 757 1868 784 con-

304 817 522 857 uiolatur?
587 816 702 856 Nam
757 822 800 856 et
854 814 1057 856 coenulas
1111 819 1283 854 nostras
1337 819 1645 868 praeterquam
1700 812 1870 854 sceleris

303 886 488 927 infames
535 892 586 926 ut
632 885 836 940 prodigas
883 898 1059 939 quoque
1105 883 1360 938 suggillatis.
1422 883 1488 924 De
1534 884 1660 924 nobis
1706 882 1870 924 scilicet>
1892 895 1935 918 10

304 956 510 1011 Diogenis
540 956 708 996 dictum
740 960 826 995 est:
875 954 1147 1009 Megarenses
1176 954 1397 994 obsonant
1426 954 1550 1008 quasi
1580 953 1770 994 crastina
1800 952 1869 993 die

304 1026 517 1075 morituri,
576 1025 812 1066 aedificant
868 1039 970 1064 uero
1028 1023 1153 1078 quasi
1210 1038 1453 1077 numquam
1511 1023 1723 1064 morituri.
1785 1021 1870 1063 Sed

303 1096 513 1150 stipulam
551 1095 648 1150 quis
683 1095 727 1135 in
765 1095 905 1135 alieno
942 1093 1066 1135 oculo
1104 1093 1273 1134 facilius
1306 1093 1514 1148 perspicit
1547 1108 1680 1147 quam
1714 1093 1758 1133 in
1791 1106 1869 1133 suo

305 1166 489 1207 trabem.
552 1165 637 1206 Tot
664 1164 868 1205 tribubus
895 1170 939 1204 et
965 1163 1094 1204 curiis
1121 1169 1165 1203 et
1191 1163 1376 1204 decuriis
1404 1163 1682 1204 ructantibus
1710 1162 1869 1203 acescit

304 1241 397 1276 aer:
442 1235 567 1276 Saliis
593 1234 841 1275 coenaturis
866 1233 1054 1274 creditor
1080 1233 1159 1273 erit
1185 1233 1474 1273 necessarius:
1518 1233 1869 1273 Herculanarum
1890 1249 1930 1280 15

303 1306 572 1346 decimarum
616 1311 658 1345 et
702 1304 995 1359 polluctorum
1039 1308 1243 1357 sumptus
1286 1303 1491 1343 tabularii
1534 1303 1866 1357 supputabunt:

304 1376 543 1430 Apaturiis,
560 1374 795 1429 Dionysiis,
813 1373 1032 1427 mysteriis
1047 1373 1206 1413 Atticis
1221 1387 1423 1413 cocorum
1438 1373 1622 1413 dilectus
1637 1373 1865 1415 indicitur:

303 1446 359 1486 ad
386 1445 559 1486 fumum
587 1458 747 1485 coenae
774 1443 1034 1498 Sarapiacae
1061 1442 1267 1497 sparteoli
1297 1442 1622 1483 excitabuntur.
1684 1443 1749 1483 De
1777 1444 1868 1485 solo

303 1515 490 1556 triclinio
524 1514 871 1555 Christianorum
905 1518 1184 1554 retractatur.
1247 1512 1390 1554 Coena
1423 1518 1573 1553 nostra
1607 1513 1659 1553 de
1693 1514 1868 1555 nomine

303 1585 519 1626 rationem
540 1585 606 1625 sui
626 1583 834 1625 ostendit.
897 1583 950 1623 ld
971 1588 1156 1623 uocatur
1177 1582 1295 1636 quod
1316 1582 1490 1623 dilectio
1513 1597 1644 1637 penes
1665 1582 1865 1625 Graecos.
1887 1598 1931 1620 20

305 1655 683 1708 Quantiscumque
708 1652 960 1707 sumptibus
986 1657 1170 1701 constet,
1199 1652 1367 1693 lucrum
1396 1658 1461 1693 est
1488 1653 1665 1707 pietatis
1692 1654 1867 1694 nomine

303 1725 443 1765 facere
495 1730 736 1778 sumptum,
791 1722 1006 1777 siquidem
1058 1722 1209 1776 inopes
1262 1737 1459 1776 quosque
1511 1722 1729 1777 refrigerio
1781 1723 1865 1764 isto

302 1800 518 1849 iuuamus,
560 1814 647 1839 non
687 1813 773 1853 qua
813 1812 944 1852 penes
984 1812 1062 1838 uos
1102 1797 1283 1851 parasiti
1323 1797 1551 1838 adfectant
1590 1797 1645 1838 ad
1684 1798 1865 1853 gloriam

302 1874 583 1915 famulandae
628 1873 845 1913 libertatis
889 1872 970 1912 sub
1017 1877 1350 1912 auctoramento
1398 1872 1563 1912 uentris
1607 1873 1721 1913 inter
1766 1887 1864 1914 con-

303 1950 506 1990 tumelias
527 1948 768 2004 saginandi,
792 1947 868 1988 sed
889 1962 976 2001 qua
998 1961 1129 2001 penes
1150 1946 1281 1987 deum
1304 1947 1442 1987 maior
1463 1952 1529 1988 est
1550 1948 1865 2002 contemplatio
1885 1961 1926 1993 25

304 2024 600 2065 mediocrium.
663 2023 705 2063 Si
733 2022 917 2062 honesta
944 2035 1075 2062 causa
1102 2027 1168 2062 est
1194 2022 1397 2071 conuiuii,
1426 2022 1641 2076 reliquum
1668 2022 1863 2063 ordinem

303 2089 568 2153 disciplinae¹
586 2098 639 2138 de
669 2111 800 2138 causa
830 2096 1074 2137 aestimate.
1138 2096 1264 2145 Quod
1294 2097 1351 2137 sit
1381 2097 1434 2137 de
1464 2097 1679 2152 religionis
1708 2097 1862 2147 officio,

303 2173 408 2214 nihil
442 2173 636 2221 uilitatis,
669 2171 774 2212 nihil
804 2171 1094 2211 inmodestiae
1124 2171 1337 2212 admittit.
1399 2171 1498 2212 Non
1528 2172 1647 2226 prius
1677 2172 1863 2214 discum-

305 2247 423 2288 bitur
460 2261 593 2301 quam
631 2246 770 2287 oratio
808 2245 865 2285 ad
901 2245 1031 2285 deum
1070 2250 1388 2300 praegustetur.
1451 2245 1610 2286 Editur
1647 2252 1864 2300 quantum

304 2322 540 2362 esurientes
584 2320 777 2374 capiunt,
823 2318 989 2359 bibitur
1032 2324 1249 2373 quantum
1293 2319 1462 2373 pudicis
1504 2319 1610 2360 utile
1653 2326 1730 2361 est.
1794 2321 1864 2362 Ita
1883 2337 1928 2370 30

303 2400 573 2443 saturantur,
608 2400 659 2434 ut
691 2393 764 2447 qui
799 2393 1077 2433 meminerint
1109 2393 1242 2434 etiam
1275 2407 1351 2447 per
1382 2398 1557 2434 noctem
1590 2393 1864 2436 adorandum

305 2469 435 2509 deum
461 2468 541 2509 sibi
567 2482 679 2516 esse;
722 2467 785 2507 ita
810 2465 1079 2515 fabulantur,
1107 2472 1157 2507 ut
1182 2467 1255 2521 qui
1281 2467 1423 2508 sciant
1446 2466 1673 2508 dominum
1699 2468 1862 2510 audire.

306 2543 411 2583 Post
449 2557 610 2596 aquam
649 2540 897 2581 manualem
938 2546 982 2581 et
1019 2540 1197 2590 lumina,
1239 2546 1289 2581 ut
1327 2540 1511 2595 quisque
1548 2541 1602 2581 de
1639 2543 1865 2597 scripturis

305 2616 468 2656 sanctis
488 2616 555 2656 uel
577 2615 629 2655 de
650 2614 825 2669 proprio
845 2614 1016 2669 ingenio
1038 2619 1197 2668 potest,
1220 2619 1487 2668 prouocatur
1506 2615 1549 2655 in
1570 2615 1762 2656 medium
1783 2617 1864 2657 deo

306 2703 481 2737 canere3
534 2689 633 2729 hinc
669 2686 881 2742 probatur
915 2687 1136 2741 quomodo
1171 2687 1343 2728 biberit.
1405 2687 1556 2742 Aeque
1589 2690 1728 2730 oratio
1764 2704 1862 2731 con·
1882 2705 1925 2738 35

306 2762 474 2804 uiuium
511 2761 690 2802 dirimit.
751 2761 861 2801 Inde
897 2760 1136 2802 disceditur
1171 2775 1259 2802 non
1295 2761 1340 2802 in
1377 2766 1578 2802 cateruas
1614 2763 1863 2804 caesionum

306 2851 385 2878 nec
419 2836 463 2877 in
498 2835 654 2876 classes
689 2834 1058 2875 discursationum
1093 2848 1172 2875 nec
1206 2834 1250 2875 in
1286 2834 1536 2889 eruptiones
1569 2835 1860 2887 lasciuiarum,
