<?xml version="1.0" encoding="UTF-8"?>
<!DOCTYPE html PUBLIC "-//W3C//DTD XHTML 1.0 Transitional//EN"
    "http://www.w3.org/TR/xhtml1/DTD/xhtml1-transitional.dtd">
<html xmlns="http://www.w3.org/1999/xhtml" xml:lang="en" lang="en">
 <head>
  <title>
</title>
<meta http-equiv="Content-Type" content="text/html;charset=utf-8" />
  <meta name='ocr-system' content='tesseract 3.04.00' />
  <meta name='ocr-capabilities' content='ocr_page ocr_carea ocr_par ocr_line ocrx_word'/>
</head>
<body>
  <div class='ocr_page' id='page_1' title='image "./qseptimiflorenti00tert_0272.png"; bbox 0 0 1975 3306; ppageno 0'>
   <div class='ocr_carea' id='block_1_1' title="bbox 279 111 1845 174">
    <p class='ocr_par' dir='ltr' id='par_1_1' title="bbox 279 111 1845 174">
     <span class='ocr_line' id='line_1_1' title="bbox 279 111 1845 174; baseline 0.006 -22"><span class='ocrx_word' id='word_1_1' title='bbox 279 111 358 153; x_wconf 86' lang='lat'><em>248</em></span> <span class='ocrx_word' id='word_1_2' title='bbox 857 114 1265 158; x_wconf 86' lang='lat' dir='ltr'><strong>TERTVLLIANI</strong></span> <span class='ocrx_word' id='word_1_3' title='bbox 1553 119 1612 174; x_wconf 92' lang='lat' dir='ltr'><em>[p.</em></span> <span class='ocrx_word' id='word_1_4' title='bbox 1637 120 1690 161; x_wconf 82' lang='lat'><em>52</em></span> <span class='ocrx_word' id='word_1_5' title='bbox 1713 118 1740 161; x_wconf 93' lang='lat' dir='ltr'>l.</span> <span class='ocrx_word' id='word_1_6' title='bbox 1765 121 1845 160; x_wconf 90' lang='lat'><em>1—</em></span> 
     </span>
    </p>
   </div>
   <div class='ocr_carea' id='block_1_2' title="bbox 212 228 1852 2886">
    <p class='ocr_par' dir='ltr' id='par_1_2' title="bbox 365 228 1270 288">
     <span class='ocr_line' id='line_1_2' title="bbox 365 228 1270 288; baseline 0.007 -20"><span class='ocrx_word' id='word_1_7' title='bbox 365 242 404 283; x_wconf 88' lang='lat' dir='ltr'><em>p.</em></span> <span class='ocrx_word' id='word_1_8' title='bbox 429 229 483 269; x_wconf 90' lang='grc'>52</span> <span class='ocrx_word' id='word_1_9' title='bbox 507 228 530 269; x_wconf 92' lang='grc'><em>1.</em></span> <span class='ocrx_word' id='word_1_10' title='bbox 557 231 577 269; x_wconf 95' lang='grc'><em>1</em></span> <span class='ocrx_word' id='word_1_11' title='bbox 604 239 813 271; x_wconf 84' lang='lat' dir='ltr'>LUDICRA</span> <span class='ocrx_word' id='word_1_12' title='bbox 835 231 884 272; x_wconf 84' lang='lat' dir='ltr'><em>cf.</em></span> <span class='ocrx_word' id='word_1_13' title='bbox 909 246 941 272; x_wconf 82' lang='lat' dir='ltr'><em>c.</em></span> <span class='ocrx_word' id='word_1_14' title='bbox 966 232 990 272; x_wconf 83' lang='lat'>9</span> <span class='ocrx_word' id='word_1_15' title='bbox 1014 247 1053 288; x_wconf 88' lang='lat' dir='ltr'><em>p.</em></span> <span class='ocrx_word' id='word_1_16' title='bbox 1077 233 1133 273; x_wconf 88' lang='grc'><em>30</em></span> <span class='ocrx_word' id='word_1_17' title='bbox 1156 232 1179 274; x_wconf 91' lang='lat' dir='ltr'>l.</span> <span class='ocrx_word' id='word_1_18' title='bbox 1205 234 1270 274; x_wconf 87' lang='grc'><em>26.</em></span> 
     </span>
    </p>

    <p class='ocr_par' dir='ltr' id='par_1_3' title="bbox 276 297 1846 500">
     <span class='ocr_line' id='line_1_3' title="bbox 365 297 1846 359; baseline 0.005 -22"><span class='ocrx_word' id='word_1_19' title='bbox 365 311 403 353; x_wconf 90' lang='lat' dir='ltr'><em>p.</em></span> <span class='ocrx_word' id='word_1_20' title='bbox 429 299 483 338; x_wconf 90' lang='grc'>52</span> <span class='ocrx_word' id='word_1_21' title='bbox 517 297 540 339; x_wconf 94' lang='lat' dir='ltr'>l.</span> <span class='ocrx_word' id='word_1_22' title='bbox 574 299 597 338; x_wconf 88' lang='grc'>2</span> <span class='ocrx_word' id='word_1_23' title='bbox 631 310 681 339; x_wconf 83' lang='grc' dir='ltr'><em>ΙΝ</em></span> <span class='ocrx_word' id='word_1_24' title='bbox 714 310 911 342; x_wconf 83' lang='lat' dir='ltr'>TEMPLIS</span> <span class='ocrx_word' id='word_1_25' title='bbox 942 312 1213 343; x_wconf 86' lang='lat' dir='ltr'>ADVLTERIA</span> <span class='ocrx_word' id='word_1_26' title='bbox 1246 302 1314 343; x_wconf 88' lang='lat' dir='ltr'><em>De</em></span> <span class='ocrx_word' id='word_1_27' title='bbox 1346 301 1489 358; x_wconf 84' lang='lat' dir='ltr'><em>pudic.</em></span> <span class='ocrx_word' id='word_1_28' title='bbox 1525 305 1550 345; x_wconf 88' lang='lat'>5</span> <span class='ocrx_word' id='word_1_29' title='bbox 1580 318 1619 359; x_wconf 88' lang='lat' dir='ltr'><em>p.</em></span> <span class='ocrx_word' id='word_1_30' title='bbox 1652 302 1733 344; x_wconf 85' lang='grc'>227</span> <span class='ocrx_word' id='word_1_31' title='bbox 1765 303 1789 345; x_wconf 91' lang='lat' dir='ltr'>l.</span> <span class='ocrx_word' id='word_1_32' title='bbox 1819 305 1846 344; x_wconf 87' lang='lat'>8</span> 
     </span>
     <span class='ocr_line' id='line_1_4' title="bbox 278 367 1845 428; baseline 0.004 -20"><span class='ocrx_word' id='word_1_33' title='bbox 278 367 403 409; x_wconf 85' lang='lat' dir='ltr'><em>Wiss.</em></span> <span class='ocrx_word' id='word_1_34' title='bbox 441 383 513 423; x_wconf 73' lang='lat' dir='ltr'><em>eyo</em></span> <span class='ocrx_word' id='word_1_35' title='bbox 550 369 722 424; x_wconf 79' lang='lat' dir='ltr'><em>quidem</em></span> <span class='ocrx_word' id='word_1_36' title='bbox 757 370 1014 414; x_wconf 78' lang='lat' dir='ltr'><em>idololatria</em></span> <span class='ocrx_word' id='word_1_37' title='bbox 1050 373 1299 428; x_wconf 76' lang='lat' dir='ltr'><em>saepissime</em></span> <span class='ocrx_word' id='word_1_38' title='bbox 1335 374 1547 416; x_wconf 76' lang='lat' dir='ltr'><em>moechiae</em></span> <span class='ocrx_word' id='word_1_39' title='bbox 1589 374 1845 416; x_wconf 73' lang='lat' dir='ltr'><em>occasionem</em></span> 
     </span>
     <span class='ocr_line' id='line_1_5' title="bbox 276 437 1846 500; baseline 0.004 -22"><span class='ocrx_word' id='word_1_40' title='bbox 276 437 564 481; x_wconf 81' lang='lat' dir='ltr'><em>subministro.</em></span> <span class='ocrx_word' id='word_1_41' title='bbox 623 440 763 482; x_wconf 83' lang='lat' dir='ltr'><em>sciunt</em></span> <span class='ocrx_word' id='word_1_42' title='bbox 805 441 894 483; x_wconf 84' lang='lat' dir='ltr'><em>luci</em></span> <span class='ocrx_word' id='word_1_43' title='bbox 934 442 1020 484; x_wconf 79' lang='lat' dir='ltr'><em>mei</em></span> <span class='ocrx_word' id='word_1_44' title='bbox 1060 448 1097 484; x_wconf 91' lang='lat' dir='ltr'><em>et</em></span> <span class='ocrx_word' id='word_1_45' title='bbox 1138 443 1224 485; x_wconf 78' lang='lat' dir='ltr'><em>mei</em></span> <span class='ocrx_word' id='word_1_46' title='bbox 1264 449 1424 486; x_wconf 80' lang='lat' dir='ltr'><em>montes</em></span> <span class='ocrx_word' id='word_1_47' title='bbox 1459 450 1498 486; x_wconf 87' lang='lat' dir='ltr'><em>et</em></span> <span class='ocrx_word' id='word_1_48' title='bbox 1538 444 1668 487; x_wconf 82' lang='lat' dir='ltr'><em>uiuae</em></span> <span class='ocrx_word' id='word_1_49' title='bbox 1709 459 1846 500; x_wconf 81' lang='lat' dir='ltr'><em>aquae</em></span> 
     </span>
    </p>

    <p class='ocr_par' dir='ltr' id='par_1_4' title="bbox 234 507 1848 850">
     <span class='ocr_line' id='line_1_6' title="bbox 234 507 1845 570; baseline 0.006 -23"><span class='ocrx_word' id='word_1_50' title='bbox 234 527 255 558; x_wconf 84' lang='lat'><em>5</em></span> <span class='ocrx_word' id='word_1_51' title='bbox 276 507 454 563; x_wconf 79' lang='lat' dir='ltr'><em>ipsaque</em></span> <span class='ocrx_word' id='word_1_52' title='bbox 482 509 527 550; x_wconf 89' lang='lat' dir='ltr'><em>in</em></span> <span class='ocrx_word' id='word_1_53' title='bbox 556 509 732 552; x_wconf 77' lang='lat' dir='ltr'><em>urbibus</em></span> <span class='ocrx_word' id='word_1_54' title='bbox 760 511 933 567; x_wconf 77' lang='lat' dir='ltr'><em>templa,</em></span> <span class='ocrx_word' id='word_1_55' title='bbox 961 518 1170 567; x_wconf 76' lang='lat' dir='ltr'><em>quantuni</em></span> <span class='ocrx_word' id='word_1_56' title='bbox 1198 513 1449 556; x_wconf 84' lang='lat' dir='ltr'><em>euertendae</em></span> <span class='ocrx_word' id='word_1_57' title='bbox 1474 514 1716 570; x_wconf 84' lang='lat' dir='ltr'><em>pudicitiae</em></span> <span class='ocrx_word' id='word_1_58' title='bbox 1746 529 1845 569; x_wconf 80' lang='lat' dir='ltr'><em>pro-</em></span> 
     </span>
     <span class='ocr_line' id='line_1_7' title="bbox 277 578 1845 640; baseline 0.004 -22"><span class='ocrx_word' id='word_1_59' title='bbox 277 592 429 619; x_wconf 81' lang='lat' dir='ltr'><em>curem.</em></span> <span class='ocrx_word' id='word_1_60' title='bbox 494 578 629 636; x_wconf 83' lang='lat' dir='ltr'><em>Bayle</em></span> <span class='ocrx_word' id='word_1_61' title='bbox 671 595 841 623; x_wconf 87' lang='lat' dir='ltr'><em>oeuvres</em></span> <span class='ocrx_word' id='word_1_62' title='bbox 885 592 939 622; x_wconf 89' lang='grc' dir='ltr'><em>ΙΙΙ</em></span> <span class='ocrx_word' id='word_1_63' title='bbox 981 584 1077 624; x_wconf 80' lang='lat'>368.</span> <span class='ocrx_word' id='word_1_64' title='bbox 1141 582 1304 626; x_wconf 78' lang='lat' dir='ltr'><em>Minue.</em></span> <span class='ocrx_word' id='word_1_65' title='bbox 1348 585 1403 625; x_wconf 91' lang='grc'>25</span> <span class='ocrx_word' id='word_1_66' title='bbox 1440 582 1460 640; x_wconf 62' lang='grc' dir='ltr'>ξ</span> <span class='ocrx_word' id='word_1_67' title='bbox 1504 586 1557 625; x_wconf 90' lang='grc'>12</span> <span class='ocrx_word' id='word_1_68' title='bbox 1595 584 1668 626; x_wconf 81' lang='lat' dir='ltr'><em>ubi</em></span> <span class='ocrx_word' id='word_1_69' title='bbox 1703 589 1845 626; x_wconf 81' lang='lat' dir='ltr'><em>autem</em></span> 
     </span>
     <span class='ocr_line' id='line_1_8' title="bbox 276 649 1848 707; baseline 0.004 -18"><span class='ocrx_word' id='word_1_70' title='bbox 276 649 417 703; x_wconf 71' lang='lat' dir='ltr'><em>mayis</em></span> <span class='ocrx_word' id='word_1_71' title='bbox 449 663 477 690; x_wconf 88' lang='lat' dir='ltr'><em>a</em></span> <span class='ocrx_word' id='word_1_72' title='bbox 507 650 807 701; x_wconf 86' lang='lat' dir='ltr'><em>sacerdotibus,</em></span> <span class='ocrx_word' id='word_1_73' title='bbox 830 667 961 707; x_wconf 76' lang='lat' dir='ltr'><em>quani</em></span> <span class='ocrx_word' id='word_1_74' title='bbox 992 653 1105 695; x_wconf 88' lang='lat' dir='ltr'><em>inter</em></span> <span class='ocrx_word' id='word_1_75' title='bbox 1137 669 1241 695; x_wconf 81' lang='lat' dir='ltr'><em>aras</em></span> <span class='ocrx_word' id='word_1_76' title='bbox 1273 659 1311 695; x_wconf 83' lang='lat' dir='ltr'><em>et</em></span> <span class='ocrx_word' id='word_1_77' title='bbox 1342 653 1523 696; x_wconf 86' lang='lat' dir='ltr'><em>delubra</em></span> <span class='ocrx_word' id='word_1_78' title='bbox 1554 654 1848 697; x_wconf 83' lang='lat' dir='ltr'><em>conducuntur</em></span> 
     </span>
     <span class='ocr_line' id='line_1_9' title="bbox 274 721 1846 780; baseline 0.004 -21"><span class='ocrx_word' id='word_1_79' title='bbox 274 723 441 772; x_wconf 79' lang='lat' dir='ltr'><em>stupra,</em></span> <span class='ocrx_word' id='word_1_80' title='bbox 464 725 708 762; x_wconf 70' lang='lat' dir='ltr'><em>tractantur</em></span> <span class='ocrx_word' id='word_1_81' title='bbox 731 721 954 771; x_wconf 78' lang='lat' dir='ltr'><em>lenocinia,</em></span> <span class='ocrx_word' id='word_1_82' title='bbox 976 723 1196 765; x_wconf 76' lang='lat' dir='ltr'><em>adulteria</em></span> <span class='ocrx_word' id='word_1_83' title='bbox 1226 723 1523 766; x_wconf 74' lang='lat' dir='ltr'><em>meditantur?</em></span> <span class='ocrx_word' id='word_1_84' title='bbox 1570 723 1846 780; x_wconf 78' lang='lat' dir='ltr'><em>frequentius</em></span> 
     </span>
     <span class='ocr_line' id='line_1_10' title="bbox 277 788 1846 850; baseline 0.004 -21"><span class='ocrx_word' id='word_1_85' title='bbox 277 788 454 844; x_wconf 81' lang='lat' dir='ltr'><em>denique</em></span> <span class='ocrx_word' id='word_1_86' title='bbox 495 789 538 830; x_wconf 80' lang='lat' dir='ltr'><em>in</em></span> <span class='ocrx_word' id='word_1_87' title='bbox 583 790 856 833; x_wconf 81' lang='lat' dir='ltr'><em>aedituorum</em></span> <span class='ocrx_word' id='word_1_88' title='bbox 899 793 1077 843; x_wconf 77' lang='lat' dir='ltr'><em>cellulis,</em></span> <span class='ocrx_word' id='word_1_89' title='bbox 1120 808 1251 848; x_wconf 55' lang='lat' dir='ltr'><em>quanm</em></span> <span class='ocrx_word' id='word_1_90' title='bbox 1291 794 1338 834; x_wconf 81' lang='lat' dir='ltr'><em>in</em></span> <span class='ocrx_word' id='word_1_91' title='bbox 1389 795 1497 850; x_wconf 85' lang='lat' dir='ltr'><em>ipsis</em></span> <span class='ocrx_word' id='word_1_92' title='bbox 1550 795 1846 850; x_wconf 71' lang='lat' dir='ltr'><em>lupanaribus,</em></span> 
     </span>
    </p>

    <p class='ocr_par' dir='ltr' id='par_1_5' title="bbox 214 858 1847 1204">
     <span class='ocr_line' id='line_1_11' title="bbox 214 858 1847 921; baseline 0.005 -22"><span class='ocrx_word' id='word_1_93' title='bbox 214 858 471 914; x_wconf 73' lang='lat' dir='ltr'><em>10fla9rans</em></span> <span class='ocrx_word' id='word_1_94' title='bbox 501 859 635 903; x_wconf 79' lang='lat' dir='ltr'><em>libido</em></span> <span class='ocrx_word' id='word_1_95' title='bbox 663 861 927 918; x_wconf 60' lang='lat' dir='ltr'><em>defunyitwn</em></span> <span class='ocrx_word' id='word_1_96' title='bbox 992 863 1089 905; x_wconf 88' lang='lat' dir='ltr'>qu.</span> <span class='ocrx_word' id='word_1_97' title='bbox 1121 866 1145 905; x_wconf 85' lang='lat'>9</span> <span class='ocrx_word' id='word_1_98' title='bbox 1176 865 1231 904; x_wconf 97' lang='grc'>24</span> <span class='ocrx_word' id='word_1_99' title='bbox 1260 879 1340 920; x_wconf 80' lang='lat' dir='ltr'><em>quo</em></span> <span class='ocrx_word' id='word_1_100' title='bbox 1371 879 1456 906; x_wconf 89' lang='lat' dir='ltr'><em>non</em></span> <span class='ocrx_word' id='word_1_101' title='bbox 1477 871 1649 921; x_wconf 76' lang='lat' dir='ltr'><em>prostat</em></span> <span class='ocrx_word' id='word_1_102' title='bbox 1669 865 1847 921; x_wconf 82' lang='lat' dir='ltr'><em>femina-</em></span> 
     </span>
     <span class='ocr_line' id='line_1_12' title="bbox 277 929 1845 991; baseline 0.004 -21"><span class='ocrx_word' id='word_1_103' title='bbox 277 929 466 984; x_wconf 79' lang='lat' dir='ltr'><em>templo?</em></span> <span class='ocrx_word' id='word_1_104' title='bbox 527 929 611 972; x_wconf 85' lang='lat' dir='ltr'><em>See</em></span> <span class='ocrx_word' id='word_1_105' title='bbox 634 931 710 973; x_wconf 70' lang='lat' dir='ltr'><em>the</em></span> <span class='ocrx_word' id='word_1_106' title='bbox 733 938 853 989; x_wconf 72' lang='lat' dir='ltr'><em>story</em></span> <span class='ocrx_word' id='word_1_107' title='bbox 875 932 921 973; x_wconf 87' lang='lat' dir='ltr'><em>in</em></span> <span class='ocrx_word' id='word_1_108' title='bbox 950 932 1033 974; x_wconf 92' lang='lat' dir='ltr'><em>Ios.</em></span> <span class='ocrx_word' id='word_1_109' title='bbox 1057 933 1206 989; x_wconf 71' lang='lat' dir='ltr'>Antiq.</span> <span class='ocrx_word' id='word_1_110' title='bbox 1230 945 1355 975; x_wconf 82' lang='lat' dir='ltr'>XVIII</span> <span class='ocrx_word' id='word_1_111' title='bbox 1378 936 1404 976; x_wconf 88' lang='lat'><strong>3</strong></span> <span class='ocrx_word' id='word_1_112' title='bbox 1426 932 1445 991; x_wconf 64' lang='grc' dir='ltr'>ξ</span> <span class='ocrx_word' id='word_1_113' title='bbox 1467 936 1493 975; x_wconf 90' lang='grc'>4</span> <span class='ocrx_word' id='word_1_114' title='bbox 1523 936 1571 976; x_wconf 89' lang='lat' dir='ltr'><em>of</em></span> <span class='ocrx_word' id='word_1_115' title='bbox 1593 935 1669 977; x_wconf 72' lang='lat' dir='ltr'><em>the</em></span> <span class='ocrx_word' id='word_1_116' title='bbox 1700 935 1845 991; x_wconf 85' lang='lat' dir='ltr'>Egyp-</span> 
     </span>
     <span class='ocr_line' id='line_1_13' title="bbox 277 1000 1846 1062; baseline 0.004 -21"><span class='ocrx_word' id='word_1_117' title='bbox 277 1000 371 1042; x_wconf 68' lang='lat' dir='ltr'><em>tian</em></span> <span class='ocrx_word' id='word_1_118' title='bbox 392 1001 552 1057; x_wconf 72' lang='lat' dir='ltr'><em>priests</em></span> <span class='ocrx_word' id='word_1_119' title='bbox 579 1002 674 1044; x_wconf 86' lang='lat' dir='ltr'><em>who</em></span> <span class='ocrx_word' id='word_1_120' title='bbox 696 1018 808 1045; x_wconf 84' lang='lat' dir='ltr'><em>were</em></span> <span class='ocrx_word' id='word_1_121' title='bbox 835 1003 1039 1045; x_wconf 82' lang='lat' dir='ltr'><em>crucified</em></span> <span class='ocrx_word' id='word_1_122' title='bbox 1064 1016 1149 1046; x_wconf 88' lang='lat' dir='ltr'>A.D.</span> <span class='ocrx_word' id='word_1_123' title='bbox 1175 1006 1240 1054; x_wconf 83' lang='lat'><em>19,</em></span> <span class='ocrx_word' id='word_1_124' title='bbox 1264 1004 1381 1046; x_wconf 75' lang='lat' dir='ltr'><em>their</em></span> <span class='ocrx_word' id='word_1_125' title='bbox 1409 1006 1573 1062; x_wconf 71' lang='lat' dir='ltr'><em>temple</em></span> <span class='ocrx_word' id='word_1_126' title='bbox 1603 1005 1846 1062; x_wconf 65' lang='lat' dir='ltr'><em>destroyed,</em></span> 
     </span>
     <span class='ocr_line' id='line_1_14' title="bbox 275 1071 1844 1130; baseline 0.004 -18"><span class='ocrx_word' id='word_1_127' title='bbox 275 1071 361 1112; x_wconf 81' lang='lat' dir='ltr'><em>and</em></span> <span class='ocrx_word' id='word_1_128' title='bbox 394 1072 470 1114; x_wconf 66' lang='lat' dir='ltr'><em>‘ohe</em></span> <span class='ocrx_word' id='word_1_129' title='bbox 502 1072 647 1130; x_wconf 81' lang='lat' dir='ltr'><em>image</em></span> <span class='ocrx_word' id='word_1_130' title='bbox 680 1075 727 1115; x_wconf 87' lang='lat' dir='ltr'><em>of</em></span> <span class='ocrx_word' id='word_1_131' title='bbox 753 1074 837 1116; x_wconf 85' lang='lat' dir='ltr'><em>Isis</em></span> <span class='ocrx_word' id='word_1_132' title='bbox 870 1075 1038 1116; x_wconf 69' lang='lat' dir='ltr'><em>thrown</em></span> <span class='ocrx_word' id='word_1_133' title='bbox 1072 1075 1166 1117; x_wconf 75' lang='lat' dir='ltr'><em>into</em></span> <span class='ocrx_word' id='word_1_134' title='bbox 1199 1076 1275 1118; x_wconf 70' lang='lat' dir='ltr'><em>the</em></span> <span class='ocrx_word' id='word_1_135' title='bbox 1309 1076 1450 1119; x_wconf 77' lang='lat' dir='ltr'>Tiber.</span> <span class='ocrx_word' id='word_1_136' title='bbox 1515 1077 1675 1119; x_wconf 83' lang='lat' dir='ltr'><em>Herod.</em></span> <span class='ocrx_word' id='word_1_137' title='bbox 1709 1089 1744 1119; x_wconf 93' lang='lat' dir='ltr'><em>II</em></span> <span class='ocrx_word' id='word_1_138' title='bbox 1778 1079 1844 1119; x_wconf 72' lang='lat'><em>64.</em></span> 
     </span>
     <span class='ocr_line' id='line_1_15' title="bbox 278 1141 1846 1204; baseline 0.004 -21"><span class='ocrx_word' id='word_1_139' title='bbox 278 1141 441 1184; x_wconf 85' lang='lat' dir='ltr'><em>Preller</em></span> <span class='ocrx_word' id='word_1_140' title='bbox 464 1143 586 1186; x_wconf 83' lang='lat' dir='ltr'>R&#39;om.</span> <span class='ocrx_word' id='word_1_141' title='bbox 613 1145 751 1201; x_wconf 67' lang='lat' dir='ltr'>Myth.</span> <span class='ocrx_word' id='word_1_142' title='bbox 778 1145 862 1187; x_wconf 84' lang='grc'>728</span> <span class='ocrx_word' id='word_1_143' title='bbox 885 1145 994 1188; x_wconf 67' lang='lat' dir='ltr'><em>cibes</em></span> <span class='ocrx_word' id='word_1_144' title='bbox 1017 1145 1176 1188; x_wconf 79' lang='lat' dir='ltr'>Tibull.</span> <span class='ocrx_word' id='word_1_145' title='bbox 1201 1158 1217 1187; x_wconf 89' lang='grc' dir='ltr'>Ι</span> <span class='ocrx_word' id='word_1_146' title='bbox 1249 1149 1274 1188; x_wconf 85' lang='grc'>3</span> <span class='ocrx_word' id='word_1_147' title='bbox 1298 1148 1352 1187; x_wconf 89' lang='grc'>23</span> <span class='ocrx_word' id='word_1_148' title='bbox 1376 1161 1435 1203; x_wconf 88' lang='lat' dir='ltr'><em>sq.</em></span> <span class='ocrx_word' id='word_1_149' title='bbox 1489 1147 1682 1204; x_wconf 72' lang='lat' dir='ltr'><em>Propert.</em></span> <span class='ocrx_word' id='word_1_150' title='bbox 1714 1159 1748 1188; x_wconf 89' lang='lat' dir='ltr'><em>II</em></span> <span class='ocrx_word' id='word_1_151' title='bbox 1780 1149 1846 1189; x_wconf 87' lang='lat'>33.</span> 
     </span>
    </p>

    <p class='ocr_par' dir='ltr' id='par_1_6' title="bbox 212 1211 1846 1401">
     <span class='ocr_line' id='line_1_16' title="bbox 212 1211 1844 1262; baseline 0.004 -9"><span class='ocrx_word' id='word_1_152' title='bbox 212 1230 254 1262; x_wconf 87' lang='lat'><em>15</em></span> <span class='ocrx_word' id='word_1_153' title='bbox 277 1211 358 1254; x_wconf 90' lang='lat' dir='ltr'><em>Ou.</em></span> <span class='ocrx_word' id='word_1_154' title='bbox 374 1214 521 1256; x_wconf 84' lang='lat' dir='ltr'><em>Amor.</em></span> <span class='ocrx_word' id='word_1_155' title='bbox 546 1226 581 1256; x_wconf 92' lang='lat' dir='ltr'><em>II</em></span> <span class='ocrx_word' id='word_1_156' title='bbox 605 1217 629 1256; x_wconf 91' lang='grc'>2</span> <span class='ocrx_word' id='word_1_157' title='bbox 655 1219 721 1258; x_wconf 91' lang='grc'><em>25.</em></span> <span class='ocrx_word' id='word_1_158' title='bbox 747 1218 801 1258; x_wconf 90' lang='grc'><strong>13</strong></span> <span class='ocrx_word' id='word_1_159' title='bbox 826 1215 861 1258; x_wconf 90' lang='grc'><em>7.</em></span> <span class='ocrx_word' id='word_1_160' title='bbox 906 1217 992 1258; x_wconf 85' lang='lat' dir='ltr'><em>Ars</em></span> <span class='ocrx_word' id='word_1_161' title='bbox 1010 1216 1156 1258; x_wconf 67' lang='lat' dir='ltr'><em>Amat.</em></span> <span class='ocrx_word' id='word_1_162' title='bbox 1182 1228 1196 1258; x_wconf 93' lang='grc' dir='ltr'>Ι</span> <span class='ocrx_word' id='word_1_163' title='bbox 1221 1216 1286 1258; x_wconf 90' lang='grc'><em>77.</em></span> <span class='ocrx_word' id='word_1_164' title='bbox 1311 1229 1366 1258; x_wconf 85' lang='lat' dir='ltr'><em>III</em></span> <span class='ocrx_word' id='word_1_165' title='bbox 1390 1220 1486 1260; x_wconf 82' lang='lat'>393.</span> <span class='ocrx_word' id='word_1_166' title='bbox 1535 1217 1664 1260; x_wconf 73' lang='lat' dir='ltr'><em>Trisb.</em></span> <span class='ocrx_word' id='word_1_167' title='bbox 1689 1229 1724 1259; x_wconf 86' lang='grc' dir='ltr'><em>ΙΙ</em></span> <span class='ocrx_word' id='word_1_168' title='bbox 1748 1218 1844 1260; x_wconf 89' lang='grc'>297.</span> 
     </span>
     <span class='ocr_line' id='line_1_17' title="bbox 276 1283 1846 1340; baseline 0.003 -16"><span class='ocrx_word' id='word_1_169' title='bbox 276 1283 386 1340; x_wconf 88' lang='lat' dir='ltr'><em>Epp.</em></span> <span class='ocrx_word' id='word_1_170' title='bbox 410 1300 462 1326; x_wconf 88' lang='lat' dir='ltr'><em>ex</em></span> <span class='ocrx_word' id='word_1_171' title='bbox 491 1285 613 1327; x_wconf 72' lang='lat' dir='ltr'><em>Pont.</em></span> <span class='ocrx_word' id='word_1_172' title='bbox 638 1297 654 1326; x_wconf 91' lang='lat' dir='ltr'>I</span> <span class='ocrx_word' id='word_1_173' title='bbox 687 1289 707 1327; x_wconf 95' lang='lat'>1</span> <span class='ocrx_word' id='word_1_174' title='bbox 735 1289 802 1328; x_wconf 90' lang='lat'>51.</span> <span class='ocrx_word' id='word_1_175' title='bbox 855 1286 953 1329; x_wconf 86' lang='lat' dir='ltr'><em>qu.</em></span> <span class='ocrx_word' id='word_1_176' title='bbox 978 1289 1002 1329; x_wconf 88' lang='grc'>6</span> <span class='ocrx_word' id='word_1_177' title='bbox 1026 1288 1124 1330; x_wconf 84' lang='grc'><em>488.</em></span> <span class='ocrx_word' id='word_1_178' title='bbox 1177 1287 1424 1329; x_wconf 71' lang='lat' dir='ltr'><em>Theodoret</em></span> <span class='ocrx_word' id='word_1_179' title='bbox 1448 1287 1566 1330; x_wconf 63' lang='lat' dir='ltr'>Hista.</span> <span class='ocrx_word' id='word_1_180' title='bbox 1590 1288 1701 1330; x_wconf 86' lang='lat' dir='ltr'>Eccl.</span> <span class='ocrx_word' id='word_1_181' title='bbox 1725 1300 1754 1329; x_wconf 85' lang='lat' dir='ltr'>V</span> <span class='ocrx_word' id='word_1_182' title='bbox 1781 1290 1846 1330; x_wconf 88' lang='grc'>22.</span> 
     </span>
     <span class='ocr_line' id='line_1_18' title="bbox 277 1355 1291 1401; baseline 0.004 -5"><span class='ocrx_word' id='word_1_183' title='bbox 277 1355 422 1398; x_wconf 87' lang='lat' dir='ltr'>Rufin.</span> <span class='ocrx_word' id='word_1_184' title='bbox 446 1368 481 1398; x_wconf 88' lang='grc' dir='ltr'><em>ΙΙ</em></span> <span class='ocrx_word' id='word_1_185' title='bbox 506 1359 572 1399; x_wconf 92' lang='grc'><em>25.</em></span> <span class='ocrx_word' id='word_1_186' title='bbox 624 1358 784 1400; x_wconf 81' lang='lat' dir='ltr'><em>Jacobs</em></span> <span class='ocrx_word' id='word_1_187' title='bbox 808 1358 952 1400; x_wconf 84' lang='lat' dir='ltr'><em>Verm.</em></span> <span class='ocrx_word' id='word_1_188' title='bbox 977 1358 1098 1401; x_wconf 83' lang='lat' dir='ltr'><em>Sohr.</em></span> <span class='ocrx_word' id='word_1_189' title='bbox 1123 1370 1172 1400; x_wconf 90' lang='lat' dir='ltr'><em>IV</em></span> <span class='ocrx_word' id='word_1_190' title='bbox 1197 1358 1291 1400; x_wconf 90' lang='grc'>257.</span> 
     </span>
    </p>

    <p class='ocr_par' dir='ltr' id='par_1_7' title="bbox 277 1427 1847 1554">
     <span class='ocr_line' id='line_1_19' title="bbox 366 1427 1847 1484; baseline 0.003 -18"><span class='ocrx_word' id='word_1_191' title='bbox 366 1437 573 1468; x_wconf 84' lang='lat' dir='ltr'>COMPONI</span> <span class='ocrx_word' id='word_1_192' title='bbox 596 1428 644 1468; x_wconf 91' lang='lat' dir='ltr'><em>of</em></span> <span class='ocrx_word' id='word_1_193' title='bbox 659 1427 942 1484; x_wconf 69' lang='lat' dir='ltr'><em>assignation,</em></span> <span class='ocrx_word' id='word_1_194' title='bbox 966 1428 1069 1470; x_wconf 86' lang='lat' dir='ltr'><em>Hor.</em></span> <span class='ocrx_word' id='word_1_195' title='bbox 1094 1427 1236 1470; x_wconf 78' lang='lat' dir='ltr'><em>Carm.</em></span> <span class='ocrx_word' id='word_1_196' title='bbox 1260 1439 1275 1469; x_wconf 90' lang='grc' dir='ltr'>Ι</span> <span class='ocrx_word' id='word_1_197' title='bbox 1301 1430 1325 1470; x_wconf 94' lang='grc'>9</span> <span class='ocrx_word' id='word_1_198' title='bbox 1351 1430 1524 1470; x_wconf 87' lang='grc'>19-20</span> <span class='ocrx_word' id='word_1_199' title='bbox 1554 1428 1745 1484; x_wconf 79' lang='lat' dir='ltr'><em>lenesque</em></span> <span class='ocrx_word' id='word_1_200' title='bbox 1773 1428 1847 1471; x_wconf 82' lang='lat' dir='ltr'><em>sub</em></span> 
     </span>
     <span class='ocr_line' id='line_1_20' title="bbox 277 1498 1292 1554; baseline 0.004 -18"><span class='ocrx_word' id='word_1_201' title='bbox 277 1501 438 1538; x_wconf 83' lang='lat' dir='ltr'><em>noctem</em></span> <span class='ocrx_word' id='word_1_202' title='bbox 459 1498 630 1538; x_wconf 85' lang='lat' dir='ltr'><em>susurri</em></span> <span class='ocrx_word' id='word_1_203' title='bbox 650 1499 883 1554; x_wconf 81' lang='lat' dir='ltr'><em>composita</em></span> <span class='ocrx_word' id='word_1_204' title='bbox 905 1504 1154 1554; x_wconf 74' lang='lat' dir='ltr'><em>repetantur</em></span> <span class='ocrx_word' id='word_1_205' title='bbox 1175 1498 1292 1540; x_wconf 76' lang='lat' dir='ltr'><em>liora.</em></span> 
     </span>
    </p>

    <p class='ocr_par' dir='ltr' id='par_1_8' title="bbox 213 1569 1848 1894">
     <span class='ocr_line' id='line_1_21' title="bbox 213 1569 1837 1625; baseline 0.001 -18"><span class='ocrx_word' id='word_1_206' title='bbox 213 1585 258 1608; x_wconf 86' lang='lat'><em>20</em></span> <span class='ocrx_word' id='word_1_207' title='bbox 367 1583 407 1624; x_wconf 87' lang='lat' dir='ltr'><em>p.</em></span> <span class='ocrx_word' id='word_1_208' title='bbox 430 1570 485 1610; x_wconf 83' lang='lat'><em>52</em></span> <span class='ocrx_word' id='word_1_209' title='bbox 509 1569 533 1610; x_wconf 91' lang='grc'><em>1.</em></span> <span class='ocrx_word' id='word_1_210' title='bbox 556 1571 583 1610; x_wconf 90' lang='grc'>4</span> <span class='ocrx_word' id='word_1_211' title='bbox 617 1569 824 1611; x_wconf 71' lang='lat' dir='ltr'><em>Prudent.</em></span> <span class='ocrx_word' id='word_1_212' title='bbox 859 1569 1101 1625; x_wconf 68' lang='lat' dir='ltr'><em>Peristeph.</em></span> <span class='ocrx_word' id='word_1_213' title='bbox 1133 1580 1167 1610; x_wconf 91' lang='lat' dir='ltr'><em>II</em></span> <span class='ocrx_word' id='word_1_214' title='bbox 1192 1571 1274 1610; x_wconf 90' lang='grc'>525</span> <span class='ocrx_word' id='word_1_215' title='bbox 1306 1569 1487 1611; x_wconf 85' lang='lat' dir='ltr'><em>uittatus</em></span> <span class='ocrx_word' id='word_1_216' title='bbox 1514 1569 1615 1611; x_wconf 81' lang='lat' dir='ltr'><em>olim</em></span> <span class='ocrx_word' id='word_1_217' title='bbox 1638 1569 1837 1625; x_wconf 70' lang='lat' dir='ltr'><em>pontifen:</em></span> 
     </span>
     <span class='ocr_line' id='line_1_22' title="bbox 279 1638 1847 1697; baseline 0.001 -18"><span class='ocrx_word' id='word_1_218' title='bbox 279 1639 328 1680; x_wconf 85' lang='lat' dir='ltr'><em>cf.</em></span> <span class='ocrx_word' id='word_1_219' title='bbox 352 1638 480 1681; x_wconf 68' lang='lat' dir='ltr'><em>Mart.</em></span> <span class='ocrx_word' id='word_1_220' title='bbox 505 1639 685 1696; x_wconf 79' lang='lat' dir='ltr'><em>Capella</em></span> <span class='ocrx_word' id='word_1_221' title='bbox 715 1652 730 1681; x_wconf 91' lang='grc' dir='ltr'>Ι</span> <span class='ocrx_word' id='word_1_222' title='bbox 759 1639 779 1695; x_wconf 65' lang='grc' dir='ltr'>ξ</span> <span class='ocrx_word' id='word_1_223' title='bbox 803 1642 857 1682; x_wconf 89' lang='grc'><em>10</em></span> <span class='ocrx_word' id='word_1_224' title='bbox 882 1641 1023 1697; x_wconf 83' lang='lat' dir='ltr'><em>Kopp.</em></span> <span class='ocrx_word' id='word_1_225' title='bbox 1080 1639 1156 1682; x_wconf 83' lang='lat' dir='ltr'>Sil.</span> <span class='ocrx_word' id='word_1_226' title='bbox 1180 1640 1279 1681; x_wconf 75' lang='lat' dir='ltr'><em>Ital.</em></span> <span class='ocrx_word' id='word_1_227' title='bbox 1311 1651 1401 1681; x_wconf 83' lang='lat' dir='ltr'>XIII</span> <span class='ocrx_word' id='word_1_228' title='bbox 1433 1639 1528 1682; x_wconf 89' lang='grc'><em>779.</em></span> <span class='ocrx_word' id='word_1_229' title='bbox 1590 1640 1717 1697; x_wconf 84' lang='lat' dir='ltr'><em>Greg.</em></span> <span class='ocrx_word' id='word_1_230' title='bbox 1741 1639 1847 1681; x_wconf 69' lang='lat' dir='ltr'>Naz.</span> 
     </span>
     <span class='ocr_line' id='line_1_23' title="bbox 282 1707 1847 1767; baseline 0.002 -18"><span class='ocrx_word' id='word_1_231' title='bbox 282 1707 352 1750; x_wconf 88' lang='lat' dir='ltr'><em>Or.</em></span> <span class='ocrx_word' id='word_1_232' title='bbox 377 1711 404 1750; x_wconf 98' lang='lat'>4</span> <span class='ocrx_word' id='word_1_233' title='bbox 430 1711 513 1750; x_wconf 90' lang='lat'><em>114</em></span> <span class='ocrx_word' id='word_1_234' title='bbox 536 1712 572 1764; x_wconf 88' lang='grc' dir='ltr'><em>(Ι</em></span> <span class='ocrx_word' id='word_1_235' title='bbox 598 1708 722 1762; x_wconf 61' lang='grc' dir='ltr'><strong>14Οά)</strong></span> <span class='ocrx_word' id='word_1_236' title='bbox 752 1708 880 1752; x_wconf 72' lang='grc' dir='ltr'>αὐτοὶ</span> <span class='ocrx_word' id='word_1_237' title='bbox 910 1710 1012 1756; x_wconf 76' lang='grc' dir='ltr'><em>τούς</em></span> <span class='ocrx_word' id='word_1_238' title='bbox 1041 1710 1212 1753; x_wconf 74' lang='grc' dir='ltr'>ἑαυτῶν</span> <span class='ocrx_word' id='word_1_239' title='bbox 1242 1709 1483 1765; x_wconf 77' lang='grc' dir='ltr'>προέδρους</span> <span class='ocrx_word' id='word_1_240' title='bbox 1512 1711 1847 1767; x_wconf 74' lang='grc' dir='ltr'>Ὑραψάτωσαν.</span> 
     </span>
     <span class='ocr_line' id='line_1_24' title="bbox 281 1779 1848 1836; baseline 0.002 -16"><span class='ocrx_word' id='word_1_241' title='bbox 281 1779 497 1835; x_wconf 59' lang='grc' dir='ltr'>ἁλουρνγὶς</span> <span class='ocrx_word' id='word_1_242' title='bbox 527 1779 685 1826; x_wconf 71' lang='grc' dir='ltr'>αὐτοῦς</span> <span class='ocrx_word' id='word_1_243' title='bbox 715 1781 939 1835; x_wconf 84' lang='grc' dir='ltr'>κοσμήσει</span> <span class='ocrx_word' id='word_1_244' title='bbox 969 1780 1044 1822; x_wconf 83' lang='grc' dir='ltr'><em>καὶ</em></span> <span class='ocrx_word' id='word_1_245' title='bbox 1075 1779 1223 1823; x_wconf 81' lang='grc' dir='ltr'>ταινία</span> <span class='ocrx_word' id='word_1_246' title='bbox 1251 1779 1327 1822; x_wconf 85' lang='grc' dir='ltr'><em>καὶ</em></span> <span class='ocrx_word' id='word_1_247' title='bbox 1359 1780 1594 1836; x_wconf 83' lang='grc' dir='ltr'>στεφάνων</span> <span class='ocrx_word' id='word_1_248' title='bbox 1620 1779 1751 1825; x_wconf 71' lang='grc' dir='ltr'>ἄνθος</span> <span class='ocrx_word' id='word_1_249' title='bbox 1776 1780 1848 1823; x_wconf 79' lang='grc' dir='ltr'><em>καὶ</em></span> 
     </span>
     <span class='ocr_line' id='line_1_25' title="bbox 281 1849 465 1894; baseline 0.016 -5"><span class='ocrx_word' id='word_1_250' title='bbox 281 1849 465 1894; x_wconf 74' lang='grc' dir='ltr'><em>κάλλος.</em></span> 
     </span>
    </p>

    <p class='ocr_par' dir='ltr' id='par_1_9' title="bbox 217 1920 1851 2242">
     <span class='ocr_line' id='line_1_26' title="bbox 217 1920 1851 1977; baseline 0.002 -17"><span class='ocrx_word' id='word_1_251' title='bbox 217 1939 261 1971; x_wconf 86' lang='lat'><em>25</em></span> <span class='ocrx_word' id='word_1_252' title='bbox 372 1931 587 1962; x_wconf 85' lang='lat' dir='ltr'>APICIBVS</span> <span class='ocrx_word' id='word_1_253' title='bbox 610 1920 742 1963; x_wconf 81' lang='lat' dir='ltr'>Lexx.</span> <span class='ocrx_word' id='word_1_254' title='bbox 785 1921 852 1962; x_wconf 85' lang='lat' dir='ltr'><em>De</em></span> <span class='ocrx_word' id='word_1_255' title='bbox 872 1921 975 1963; x_wconf 78' lang='lat' dir='ltr'>Pall.</span> <span class='ocrx_word' id='word_1_256' title='bbox 995 1922 1022 1962; x_wconf 83' lang='lat'>4</span> <span class='ocrx_word' id='word_1_257' title='bbox 1046 1921 1069 1962; x_wconf 88' lang='lat' dir='ltr'>f.</span> <span class='ocrx_word' id='word_1_258' title='bbox 1100 1936 1138 1977; x_wconf 91' lang='lat' dir='ltr'><em>p.</em></span> <span class='ocrx_word' id='word_1_259' title='bbox 1163 1922 1248 1963; x_wconf 86' lang='grc'><em>944</em></span> <span class='ocrx_word' id='word_1_260' title='bbox 1265 1920 1851 1976; x_wconf 64' lang='lat' dir='ltr'><em>pallium...super...o=mnes</em></span> 
     </span>
     <span class='ocr_line' id='line_1_27' title="bbox 283 1990 1849 2047; baseline 0.001 -16"><span class='ocrx_word' id='word_1_261' title='bbox 283 1990 425 2045; x_wconf 86' lang='lat' dir='ltr'><em>apices</em></span> <span class='ocrx_word' id='word_1_262' title='bbox 462 1997 499 2033; x_wconf 91' lang='lat' dir='ltr'><em>et</em></span> <span class='ocrx_word' id='word_1_263' title='bbox 533 1992 692 2034; x_wconf 78' lang='lat' dir='ltr'><em>tutulos</em></span> <span class='ocrx_word' id='word_1_264' title='bbox 722 1992 921 2034; x_wconf 80' lang='lat' dir='ltr'><em>sacerdos</em></span> <span class='ocrx_word' id='word_1_265' title='bbox 950 1998 1180 2047; x_wconf 66' lang='lat' dir='ltr'><em>suyyestus.</em></span> <span class='ocrx_word' id='word_1_266' title='bbox 1243 1991 1365 2033; x_wconf 82' lang='lat' dir='ltr'><em>Seru.</em></span> <span class='ocrx_word' id='word_1_267' title='bbox 1399 1991 1454 2032; x_wconf 76' lang='lat' dir='ltr'><em>ad</em></span> <span class='ocrx_word' id='word_1_268' title='bbox 1486 1991 1593 2033; x_wconf 86' lang='lat' dir='ltr'><em>Aen.</em></span> <span class='ocrx_word' id='word_1_269' title='bbox 1629 2002 1718 2032; x_wconf 83' lang='lat' dir='ltr'>VIII</span> <span class='ocrx_word' id='word_1_270' title='bbox 1752 1993 1849 2033; x_wconf 81' lang='grc'><em>664.</em></span> 
     </span>
     <span class='ocr_line' id='line_1_28' title="bbox 284 2058 1849 2118; baseline 0.001 -18"><span class='ocrx_word' id='word_1_271' title='bbox 284 2058 394 2102; x_wconf 77' lang='lat' dir='ltr'>Gell.</span> <span class='ocrx_word' id='word_1_272' title='bbox 426 2071 458 2101; x_wconf 86' lang='lat' dir='ltr'>X</span> <span class='ocrx_word' id='word_1_273' title='bbox 489 2063 541 2102; x_wconf 88' lang='lat'><em>15</em></span> <span class='ocrx_word' id='word_1_274' title='bbox 571 2059 591 2118; x_wconf 63' lang='grc' dir='ltr'>ξ</span> <span class='ocrx_word' id='word_1_275' title='bbox 620 2063 658 2103; x_wconf 92' lang='grc'><em>9.</em></span> <span class='ocrx_word' id='word_1_276' title='bbox 711 2061 870 2103; x_wconf 63' lang='lat' dir='ltr'><em>Festus</em></span> <span class='ocrx_word' id='word_1_277' title='bbox 899 2077 937 2118; x_wconf 90' lang='lat' dir='ltr'><em>p.</em></span> <span class='ocrx_word' id='word_1_278' title='bbox 971 2064 1025 2103; x_wconf 89' lang='lat'><em>10</em></span> <span class='ocrx_word' id='word_1_279' title='bbox 1060 2064 1112 2102; x_wconf 92' lang='grc'><em>12</em></span> <span class='ocrx_word' id='word_1_280' title='bbox 1137 2061 1194 2103; x_wconf 92' lang='grc' dir='ltr'><em>Μ.</em></span> <span class='ocrx_word' id='word_1_281' title='bbox 1260 2060 1387 2102; x_wconf 85' lang='lat' dir='ltr'><em>Dion.</em></span> <span class='ocrx_word' id='word_1_282' title='bbox 1424 2060 1563 2102; x_wconf 81' lang='lat' dir='ltr'>Halic.</span> <span class='ocrx_word' id='word_1_283' title='bbox 1599 2072 1634 2101; x_wconf 90' lang='grc' dir='ltr'><em>ΙΙ</em></span> <span class='ocrx_word' id='word_1_284' title='bbox 1666 2060 1720 2102; x_wconf 87' lang='grc'><em>70</em></span> <span class='ocrx_word' id='word_1_285' title='bbox 1752 2061 1849 2114; x_wconf 74' lang='lat' dir='ltr'><em>(the</em></span> 
     </span>
     <span class='ocr_line' id='line_1_29' title="bbox 286 2129 1849 2186; baseline 0.001 -16"><span class='ocrx_word' id='word_1_286' title='bbox 286 2129 425 2183; x_wconf 79' lang='lat' dir='ltr'>Salii).</span> <span class='ocrx_word' id='word_1_287' title='bbox 483 2130 644 2172; x_wconf 88' lang='lat' dir='ltr'><em>Arnob.</em></span> <span class='ocrx_word' id='word_1_288' title='bbox 668 2142 716 2172; x_wconf 89' lang='lat' dir='ltr'><em>IV</em></span> <span class='ocrx_word' id='word_1_289' title='bbox 741 2133 795 2173; x_wconf 92' lang='lat'><em>35</em></span> <span class='ocrx_word' id='word_1_290' title='bbox 818 2131 961 2173; x_wconf 80' lang='lat' dir='ltr'><em>sedent</em></span> <span class='ocrx_word' id='word_1_291' title='bbox 982 2130 1123 2172; x_wconf 80' lang='lat' dir='ltr'><em>diales</em></span> <span class='ocrx_word' id='word_1_292' title='bbox 1143 2146 1235 2173; x_wconf 77' lang='lat' dir='ltr'><em>cum</em></span> <span class='ocrx_word' id='word_1_293' title='bbox 1260 2130 1454 2186; x_wconf 82' lang='lat' dir='ltr'><em>apicibus</em></span> <span class='ocrx_word' id='word_1_294' title='bbox 1465 2130 1684 2186; x_wconf 79' lang='lat' dir='ltr'><em>flamines.</em></span> <span class='ocrx_word' id='word_1_295' title='bbox 1739 2130 1849 2173; x_wconf 89' lang='lat' dir='ltr'>CIL.</span> 
     </span>
     <span class='ocr_line' id='line_1_30' title="bbox 287 2202 393 2242; baseline 0.019 -2"><span class='ocrx_word' id='word_1_296' title='bbox 287 2211 302 2240; x_wconf 93' lang='lat' dir='ltr'>I</span> <span class='ocrx_word' id='word_1_297' title='bbox 325 2202 393 2242; x_wconf 85' lang='lat'>33.</span> 
     </span>
    </p>

    <p class='ocr_par' dir='ltr' id='par_1_10' title="bbox 222 2270 1852 2606">
     <span class='ocr_line' id='line_1_31' title="bbox 222 2270 1848 2326; baseline -0.001 -12"><span class='ocrx_word' id='word_1_298' title='bbox 222 2292 267 2324; x_wconf 85' lang='lat'><em>30</em></span> <span class='ocrx_word' id='word_1_299' title='bbox 376 2285 414 2326; x_wconf 90' lang='lat' dir='ltr'><em>p.</em></span> <span class='ocrx_word' id='word_1_300' title='bbox 439 2272 492 2311; x_wconf 89' lang='grc'>52</span> <span class='ocrx_word' id='word_1_301' title='bbox 516 2270 540 2311; x_wconf 89' lang='lat' dir='ltr'>l.</span> <span class='ocrx_word' id='word_1_302' title='bbox 566 2273 589 2312; x_wconf 91' lang='grc'>5</span> <span class='ocrx_word' id='word_1_303' title='bbox 614 2281 823 2312; x_wconf 80' lang='lat' dir='ltr'>EXPVNGI</span> <span class='ocrx_word' id='word_1_304' title='bbox 847 2285 878 2312; x_wconf 80' lang='grc' dir='ltr'><em>ο.</em></span> <span class='ocrx_word' id='word_1_305' title='bbox 904 2272 928 2311; x_wconf 92' lang='grc'>2</span> <span class='ocrx_word' id='word_1_306' title='bbox 952 2285 990 2312; x_wconf 87' lang='grc'><em>11.</em></span> <span class='ocrx_word' id='word_1_307' title='bbox 1017 2270 1110 2312; x_wconf 82' lang='lat' dir='ltr'>20f.</span> <span class='ocrx_word' id='word_1_308' title='bbox 1130 2271 1185 2311; x_wconf 87' lang='grc'><em>35</em></span> <span class='ocrx_word' id='word_1_309' title='bbox 1209 2270 1380 2312; x_wconf 80' lang='lat' dir='ltr'><em>Oehler.</em></span> <span class='ocrx_word' id='word_1_310' title='bbox 1434 2270 1501 2311; x_wconf 89' lang='lat' dir='ltr'><em>De</em></span> <span class='ocrx_word' id='word_1_311' title='bbox 1523 2270 1668 2312; x_wconf 83' lang='lat' dir='ltr'>Anim.</span> <span class='ocrx_word' id='word_1_312' title='bbox 1693 2272 1757 2312; x_wconf 86' lang='lat'>35.</span> <span class='ocrx_word' id='word_1_313' title='bbox 1783 2273 1848 2313; x_wconf 88' lang='lat'><em>55.</em></span> 
     </span>
     <span class='ocr_line' id='line_1_32' title="bbox 288 2338 1848 2383; baseline 0.001 -4"><span class='ocrx_word' id='word_1_314' title='bbox 288 2338 400 2380; x_wconf 85' lang='lat' dir='ltr'>Adu.</span> <span class='ocrx_word' id='word_1_315' title='bbox 425 2339 553 2381; x_wconf 81' lang='lat' dir='ltr'><em>Maro.</em></span> <span class='ocrx_word' id='word_1_316' title='bbox 578 2352 612 2381; x_wconf 91' lang='grc' dir='ltr'><em>ΙΙ</em></span> <span class='ocrx_word' id='word_1_317' title='bbox 637 2343 692 2382; x_wconf 87' lang='grc'>20</span> <span class='ocrx_word' id='word_1_318' title='bbox 715 2341 739 2382; x_wconf 91' lang='lat' dir='ltr'>f.</span> <span class='ocrx_word' id='word_1_319' title='bbox 770 2352 825 2381; x_wconf 90' lang='lat' dir='ltr'><em>III</em></span> <span class='ocrx_word' id='word_1_320' title='bbox 858 2343 908 2381; x_wconf 93' lang='lat'><em>11</em></span> <span class='ocrx_word' id='word_1_321' title='bbox 943 2340 1052 2382; x_wconf 85' lang='lat' dir='ltr'><em>med.</em></span> <span class='ocrx_word' id='word_1_322' title='bbox 1082 2352 1130 2381; x_wconf 83' lang='lat' dir='ltr'><em>IV</em></span> <span class='ocrx_word' id='word_1_323' title='bbox 1155 2342 1220 2382; x_wconf 88' lang='lat'>34.</span> <span class='ocrx_word' id='word_1_324' title='bbox 1245 2352 1275 2381; x_wconf 89' lang='lat' dir='ltr'>V</span> <span class='ocrx_word' id='word_1_325' title='bbox 1300 2343 1364 2382; x_wconf 94' lang='grc'><strong>21.</strong></span> <span class='ocrx_word' id='word_1_326' title='bbox 1419 2340 1531 2382; x_wconf 83' lang='lat' dir='ltr'>Adu.</span> <span class='ocrx_word' id='word_1_327' title='bbox 1562 2340 1657 2382; x_wconf 83' lang='lat' dir='ltr'><em>Iud.</em></span> <span class='ocrx_word' id='word_1_328' title='bbox 1694 2344 1757 2383; x_wconf 89' lang='lat'>11.</span> <span class='ocrx_word' id='word_1_329' title='bbox 1784 2343 1848 2382; x_wconf 87' lang='lat'>14.</span> 
     </span>
     <span class='ocr_line' id='line_1_33' title="bbox 290 2409 1849 2467; baseline 0.002 -18"><span class='ocrx_word' id='word_1_330' title='bbox 290 2409 355 2450; x_wconf 90' lang='lat' dir='ltr'><em>De</em></span> <span class='ocrx_word' id='word_1_331' title='bbox 388 2409 537 2452; x_wconf 85' lang='lat' dir='ltr'><em>Idolol.</em></span> <span class='ocrx_word' id='word_1_332' title='bbox 571 2413 604 2453; x_wconf 95' lang='lat'>1.</span> <span class='ocrx_word' id='word_1_333' title='bbox 638 2414 702 2453; x_wconf 89' lang='lat'>13.</span> <span class='ocrx_word' id='word_1_334' title='bbox 747 2410 960 2467; x_wconf 68' lang='lat' dir='ltr'><em>Scorpi-ae.</em></span> <span class='ocrx_word' id='word_1_335' title='bbox 994 2413 1048 2452; x_wconf 88' lang='lat'><em>10</em></span> <span class='ocrx_word' id='word_1_336' title='bbox 1073 2410 1245 2452; x_wconf 83' lang='lat' dir='ltr'><em>Oehler.</em></span> <span class='ocrx_word' id='word_1_337' title='bbox 1299 2410 1366 2452; x_wconf 87' lang='lat' dir='ltr'><em>De</em></span> <span class='ocrx_word' id='word_1_338' title='bbox 1401 2411 1548 2452; x_wconf 76' lang='lat' dir='ltr'><em>Pudic.</em></span> <span class='ocrx_word' id='word_1_339' title='bbox 1583 2413 1607 2452; x_wconf 90' lang='grc'>2</span> <span class='ocrx_word' id='word_1_340' title='bbox 1638 2427 1734 2467; x_wconf 68' lang='lat' dir='ltr'><em>pm.</em></span> <span class='ocrx_word' id='word_1_341' title='bbox 1783 2411 1849 2453; x_wconf 87' lang='lat' dir='ltr'><em>De</em></span> 
     </span>
     <span class='ocr_line' id='line_1_34' title="bbox 291 2479 1851 2537; baseline 0.002 -18"><span class='ocrx_word' id='word_1_342' title='bbox 291 2479 456 2522; x_wconf 70' lang='lat' dir='ltr'><em>Paenib.</em></span> <span class='ocrx_word' id='word_1_343' title='bbox 480 2483 506 2523; x_wconf 87' lang='lat'>3</span> <span class='ocrx_word' id='word_1_344' title='bbox 529 2496 625 2537; x_wconf 88' lang='lat' dir='ltr'>p.m.</span> <span class='ocrx_word' id='word_1_345' title='bbox 656 2481 760 2523; x_wconf 88' lang='lat' dir='ltr'><em>adeo</em></span> <span class='ocrx_word' id='word_1_346' title='bbox 791 2481 902 2537; x_wconf 77' lang='lat' dir='ltr'><em>quod</em></span> <span class='ocrx_word' id='word_1_347' title='bbox 925 2480 1179 2537; x_wconf 74' lang='lat' dir='ltr'><em>prohibetur</em></span> <span class='ocrx_word' id='word_1_348' title='bbox 1206 2480 1528 2529; x_wconf 66' lang='lat' dir='ltr'><em>administrcwe,</em></span> <span class='ocrx_word' id='word_1_349' title='bbox 1550 2481 1657 2522; x_wconf 84' lang='lat' dir='ltr'><em>satis</em></span> <span class='ocrx_word' id='word_1_350' title='bbox 1682 2481 1851 2536; x_wconf 86' lang='lat' dir='ltr'><em>pericu-</em></span> 
     </span>
     <span class='ocr_line' id='line_1_35' title="bbox 291 2548 1852 2606; baseline 0.001 -16"><span class='ocrx_word' id='word_1_351' title='bbox 291 2548 375 2591; x_wconf 81' lang='lat' dir='ltr'><em>lose</em></span> <span class='ocrx_word' id='word_1_352' title='bbox 418 2550 590 2592; x_wconf 45' lang='lat' dir='ltr'><em>a&#39;nimus</em></span> <span class='ocrx_word' id='word_1_353' title='bbox 624 2551 706 2592; x_wconf 90' lang='lat' dir='ltr'><em>sibi</em></span> <span class='ocrx_word' id='word_1_354' title='bbox 746 2556 1040 2606; x_wconf 83' lang='lat' dir='ltr'><em>repraesentat</em></span> <span class='ocrx_word' id='word_1_355' title='bbox 1081 2556 1120 2592; x_wconf 87' lang='lat' dir='ltr'><em>et</em></span> <span class='ocrx_word' id='word_1_356' title='bbox 1166 2556 1318 2592; x_wconf 80' lang='lat' dir='ltr'><em>temere</em></span> <span class='ocrx_word' id='word_1_357' title='bbox 1354 2564 1436 2605; x_wconf 85' lang='lat' dir='ltr'><em>per</em></span> <span class='ocrx_word' id='word_1_358' title='bbox 1486 2550 1852 2592; x_wconf 78' lang='lat' dir='ltr'><em>uoluntatem—it</em></span> 
     </span>
    </p>

    <p class='ocr_par' dir='ltr' id='par_1_11' title="bbox 226 2619 1570 2675">
     <span class='ocr_line' id='line_1_36' title="bbox 226 2619 1570 2675; baseline 0.001 -16"><span class='ocrx_word' id='word_1_359' title='bbox 226 2639 269 2670; x_wconf 86' lang='lat'><em>35</em></span> <span class='ocrx_word' id='word_1_360' title='bbox 291 2619 489 2674; x_wconf 80' lang='lat' dir='ltr'><em>effectum.</em></span> <span class='ocrx_word' id='word_1_361' title='bbox 533 2620 696 2674; x_wconf 85' lang='lat' dir='ltr'>[Rufin.</span> <span class='ocrx_word' id='word_1_362' title='bbox 730 2620 814 2675; x_wconf 91' lang='lat' dir='ltr'>i.e.]</span> <span class='ocrx_word' id='word_1_363' title='bbox 846 2620 1144 2662; x_wconf 59' lang='lat' dir='ltr'><em>Iulian-Aeol.</em></span> <span class='ocrx_word' id='word_1_364' title='bbox 1178 2620 1223 2661; x_wconf 83' lang='lat' dir='ltr'><em>in</em></span> <span class='ocrx_word' id='word_1_365' title='bbox 1255 2620 1352 2662; x_wconf 86' lang='lat' dir='ltr'>Am.</span> <span class='ocrx_word' id='word_1_366' title='bbox 1388 2632 1402 2661; x_wconf 91' lang='grc' dir='ltr'>Ι</span> <span class='ocrx_word' id='word_1_367' title='bbox 1435 2622 1481 2673; x_wconf 90' lang='grc'><em>(5</em></span> <span class='ocrx_word' id='word_1_368' title='bbox 1516 2622 1570 2671; x_wconf 92' lang='grc'><em>9).</em></span> 
     </span>
    </p>

    <p class='ocr_par' dir='ltr' id='par_1_12' title="bbox 287 2689 1852 2886">
     <span class='ocr_line' id='line_1_37' title="bbox 380 2689 1852 2745; baseline 0.001 -15"><span class='ocrx_word' id='word_1_369' title='bbox 380 2699 441 2729; x_wconf 85' lang='lat' dir='ltr'><em>NE</em></span> <span class='ocrx_word' id='word_1_370' title='bbox 474 2705 591 2731; x_wconf 80' lang='lat' dir='ltr'><em>same</em></span> <span class='ocrx_word' id='word_1_371' title='bbox 625 2690 762 2731; x_wconf 82' lang='lat' dir='ltr'><em>words</em></span> <span class='ocrx_word' id='word_1_372' title='bbox 790 2690 836 2731; x_wconf 90' lang='lat' dir='ltr'><em>in</em></span> <span class='ocrx_word' id='word_1_373' title='bbox 865 2690 920 2731; x_wconf 83' lang='lat' dir='ltr'><em>ad</em></span> <span class='ocrx_word' id='word_1_374' title='bbox 950 2697 1036 2732; x_wconf 72' lang='lat' dir='ltr'><em>nat.</em></span> <span class='ocrx_word' id='word_1_375' title='bbox 1069 2702 1083 2730; x_wconf 91' lang='grc' dir='ltr'>Ι</span> <span class='ocrx_word' id='word_1_376' title='bbox 1118 2692 1170 2731; x_wconf 92' lang='grc'><em>10</em></span> <span class='ocrx_word' id='word_1_377' title='bbox 1200 2704 1238 2745; x_wconf 88' lang='lat' dir='ltr'><em>p.</em></span> <span class='ocrx_word' id='word_1_378' title='bbox 1263 2691 1318 2730; x_wconf 85' lang='lat'><em>80</em></span> <span class='ocrx_word' id='word_1_379' title='bbox 1349 2689 1371 2730; x_wconf 94' lang='lat' dir='ltr'>l.</span> <span class='ocrx_word' id='word_1_380' title='bbox 1406 2692 1459 2730; x_wconf 85' lang='lat'><em>18</em></span> <span class='ocrx_word' id='word_1_381' title='bbox 1484 2689 1608 2731; x_wconf 83' lang='lat' dir='ltr'><em>Wiss.</em></span> <span class='ocrx_word' id='word_1_382' title='bbox 1643 2689 1777 2732; x_wconf 82' lang='lat' dir='ltr'><em>nescio</em></span> <span class='ocrx_word' id='word_1_383' title='bbox 1802 2705 1852 2732; x_wconf 85' lang='lat' dir='ltr'><em>ne</em></span> 
     </span>
     <span class='ocr_line' id='line_1_38' title="bbox 287 2758 1852 2816; baseline 0.001 -17"><span class='ocrx_word' id='word_1_384' title='bbox 287 2758 391 2813; x_wconf 82' lang='lat' dir='ltr'><em>plus</em></span> <span class='ocrx_word' id='word_1_385' title='bbox 419 2758 470 2801; x_wconf 88' lang='lat' dir='ltr'><em>de</em></span> <span class='ocrx_word' id='word_1_386' title='bbox 501 2759 618 2801; x_wconf 85' lang='lat' dir='ltr'><em>uobis</em></span> <span class='ocrx_word' id='word_1_387' title='bbox 651 2761 720 2802; x_wconf 88' lang='lat' dir='ltr'><em>dei</em></span> <span class='ocrx_word' id='word_1_388' title='bbox 753 2760 885 2802; x_wconf 79' lang='lat' dir='ltr'><em>uestri</em></span> <span class='ocrx_word' id='word_1_389' title='bbox 915 2776 1041 2816; x_wconf 68' lang='lat' dir='ltr'><em>quana</em></span> <span class='ocrx_word' id='word_1_390' title='bbox 1074 2760 1125 2801; x_wconf 86' lang='lat' dir='ltr'><em>de</em></span> <span class='ocrx_word' id='word_1_391' title='bbox 1154 2759 1272 2801; x_wconf 77' lang='lat' dir='ltr'><em>nobis</em></span> <span class='ocrx_word' id='word_1_392' title='bbox 1300 2765 1548 2814; x_wconf 80' lang='lat' dir='ltr'><em>querantur.</em></span> <span class='ocrx_word' id='word_1_393' title='bbox 1611 2758 1681 2800; x_wconf 88' lang='lat' dir='ltr'><em>On</em></span> <span class='ocrx_word' id='word_1_394' title='bbox 1710 2774 1760 2801; x_wconf 88' lang='lat' dir='ltr'><em>ne</em></span> <span class='ocrx_word' id='word_1_395' title='bbox 1781 2774 1852 2801; x_wconf 86' lang='lat' dir='ltr'><em>see</em></span> 
     </span>
     <span class='ocr_line' id='line_1_39' title="bbox 293 2829 1284 2886; baseline 0.001 -17"><span class='ocrx_word' id='word_1_396' title='bbox 293 2842 325 2869; x_wconf 89' lang='lat' dir='ltr'><em>c.</em></span> <span class='ocrx_word' id='word_1_397' title='bbox 350 2830 374 2870; x_wconf 91' lang='lat'>3</span> <span class='ocrx_word' id='word_1_398' title='bbox 398 2843 458 2884; x_wconf 87' lang='lat' dir='ltr'><em>pr.</em></span> <span class='ocrx_word' id='word_1_399' title='bbox 482 2844 520 2871; x_wconf 90' lang='lat' dir='ltr'>n.</span> <span class='ocrx_word' id='word_1_400' title='bbox 584 2829 647 2872; x_wconf 89' lang='lat' dir='ltr'>Cf.</span> <span class='ocrx_word' id='word_1_401' title='bbox 672 2831 807 2886; x_wconf 79' lang='lat' dir='ltr'><em>Bayle</em></span> <span class='ocrx_word' id='word_1_402' title='bbox 830 2845 999 2872; x_wconf 83' lang='lat' dir='ltr'><em>oeuvres</em></span> <span class='ocrx_word' id='word_1_403' title='bbox 1022 2841 1076 2872; x_wconf 84' lang='grc' dir='ltr'><em>ΙΙΙ</em></span> <span class='ocrx_word' id='word_1_404' title='bbox 1102 2829 1284 2871; x_wconf 79' lang='grc'>296-7,</span> 
     </span>
    </p>
   </div>
  </div>
 </body>
</html>
