1975 3306
259 170 312 210 38
840 167 1246 210 TERTVLLIANI

259 285 450 327 Graecus
471 291 551 327 aut
571 285 750 326 Thallus
770 299 912 340 neque
934 285 1107 326 Cassius
1128 284 1313 326 Seuerus
1334 290 1414 326 aut
1434 284 1657 326 Cornelius
1678 283 1829 339 Nepos

256 378 398 419 neque
432 364 545 406 ullus
579 369 903 405 commentator
935 362 1149 405 eiusmodi
1182 362 1505 417 antiquitatum
1538 361 1658 403 aliud
1691 376 1825 423 quam

256 442 479 483 hominem
532 442 938 497 promulgauerunt‚
992 441 1027 483 si
1081 447 1300 496 quantum
1352 455 1497 482 rerum
1550 446 1823 496 argumenta,

256 535 477 576 nusquam
507 521 684 562 inuenio
716 520 913 561 fideliora
945 534 1079 574 quam
1111 519 1231 574 apud
1262 519 1404 574 ipsam
1436 519 1628 570 Italiam,
1661 519 1706 560 in
1738 533 1826 574 qua

257 598 473 640 Saturnus
515 604 618 654 post
660 598 823 640 multas
866 597 1168 653 expeditiones
1210 602 1399 652 postque
1441 597 1592 638 Attica
1634 596 1869 652 hospitia5

256 677 466 728 consedit,
506 683 717 733 exceptus
753 692 778 718 a
815 677 937 727 Iano,
977 677 1045 717 uel
1082 676 1202 726 Iane,
1241 681 1292 717 ut
1328 675 1431 717 Salii
1468 676 1638 717 uolunt.
1700 674 1827 717 Mons

255 769 386 809 quem
417 755 674 805 incoluerat,
709 755 941 797 Saturnius
974 755 1131 805 dictus,
1167 754 1324 796 ciuitas
1356 769 1490 809 quam
1523 753 1823 809 depalauerat,

256 832 463 874 Saturnia
494 847 632 888 usque
663 847 780 874 nunc
812 839 890 883 est,
924 838 1021 874 tota
1053 833 1241 887 denique
1273 832 1404 873 Italia
1435 836 1537 886 post
1569 831 1825 873 Oenotriam

256 910 463 953 Saturnia
485 912 894 968 cognominabatur.
948 911 1015 952 Ab
1038 911 1132 966 ipso
1155 911 1347 966 primum
1369 909 1549 952 tabulae
1572 915 1616 951 et
1636 910 1826 966 imagine

255 989 455 1044 signatus
484 1004 705 1040 nummus,
738 995 783 1031 et
810 989 912 1031 inde
942 989 1108 1030 aerario
1139 988 1372 1044 praesidet.
1435 988 1600 1029 Tamen
1629 988 1664 1030 si
1694 988 1825 1030 homo
1847 1006 1895 1029 10

257 1066 487 1119 Saturnus,
516 1068 669 1123 utique
694 1082 747 1108 ex
772 1068 961 1117 homine,
989 1073 1033 1108 et
1058 1067 1160 1122 quia
1185 1066 1240 1108 ab
1266 1066 1455 1117 homine,
1482 1080 1570 1107 non
1595 1066 1749 1121 utique
1773 1066 1827 1107 de

257 1146 376 1187 caelo
416 1152 461 1188 et
498 1152 628 1188 terra.
691 1145 775 1187 Sed
815 1146 937 1187 cuius
976 1151 1181 1200 parentes
1218 1145 1357 1200 ignoti
1397 1149 1536 1194 erant,
1577 1144 1704 1185 facile
1741 1143 1828 1185 fuit

256 1237 408 1264 eorum
444 1224 583 1265 filium
620 1224 704 1265 dici
743 1238 930 1279 quorum
968 1229 1012 1265 et
1049 1237 1199 1264 omnes
1236 1237 1469 1278 possumus
1505 1222 1658 1263 uideri.
1708 1221 1827 1271 'Quis

257 1302 374 1342 enim
398 1317 485 1343 non
513 1302 682 1343 caelum
708 1317 759 1343 ac
784 1308 948 1343 terram
973 1307 1162 1342 matrem
1188 1315 1238 1342 ac
1263 1306 1436 1356 patrem
1461 1299 1757 1341 uenerationis
1783 1305 1828 1341 et

255 1380 432 1422 honoris
445 1381 587 1436 gratia
604 1381 823 1436 appellet?
860 1380 929 1421 uel
947 1395 999 1421 ex
1018 1380 1335 1422 consuetudine
1351 1380 1559 1431 humana,
1578 1394 1665 1435 qua
1686 1379 1825 1435 ignoti
1849 1399 1893 1432 15

255 1458 325 1499 uel
367 1473 419 1500 ex
454 1459 684 1514 inopinato
726 1459 989 1514 adparentes
1023 1459 1077 1500 de
1113 1458 1231 1500 caelo
1267 1458 1569 1514 superuenisse
1604 1457 1825 1499 dicuntur.

257 1536 446 1578 Proinde
472 1537 663 1579 Saturno
688 1538 918 1592 repentino
943 1537 1108 1591 ubique
1134 1536 1334 1577 caelitem
1361 1536 1547 1592 contigit
1571 1536 1678 1585 dici;
1721 1551 1825 1577 nam

258 1620 302 1656 et
323 1621 464 1657 terrae
485 1616 596 1658 filios
616 1616 774 1671 uulgus
794 1621 928 1657 uocat
949 1630 1136 1670 quorum
1157 1629 1294 1670 genus
1313 1614 1531 1655 incertum
1553 1620 1632 1656 est.
1685 1614 1825 1656 Taceo

257 1693 377 1748 quod
402 1693 466 1735 ita
493 1694 622 1735 rudes
649 1694 794 1735 adhuc
821 1694 1020 1735 homines
1045 1693 1250 1749 agebant,
1279 1698 1330 1734 ut
1356 1693 1589 1735 cuiuslibet
1613 1694 1717 1735 noui
1744 1694 1826 1735 uiri

255 1771 470 1826 adspectu
504 1772 629 1827 quasi
662 1772 814 1814 diuino
849 1778 1244 1822 commouerentur,
1281 1787 1381 1813 cum
1415 1772 1544 1813 hodie
1576 1773 1665 1813 iam
1700 1772 1825 1827 politi
1846 1796 1894 1818 20

257 1864 367 1904 quos
396 1855 501 1891 ante
530 1865 694 1905 paucos
725 1850 816 1891 dies
845 1850 968 1892 luctu
998 1850 1173 1905 publico
1204 1857 1403 1892 mortuos
1431 1851 1521 1892 sint
1550 1851 1748 1901 confessi,
1780 1851 1825 1892 in

257 1927 361 1969 deos
393 1934 661 1970 consecrent.
723 1928 839 1970 Satis
870 1929 959 1970 iam
991 1929 1046 1970 de
1077 1929 1282 1979 Saturno,
1316 1929 1418 1970 licet
1449 1929 1613 1983 paucis.
1675 1928 1825 1970 Etiam

257 2004 411 2046 Iouem
434 2005 718 2047 ostendemus
740 2011 834 2047 tam
858 2006 1081 2047 hominem
1105 2021 1239 2061 quam
1262 2021 1315 2047 ex
1339 2006 1527 2057 homine,
1554 2012 1598 2048 et
1621 2007 1825 2061 deinceps

256 2087 404 2124 totum
425 2083 592 2139 generis
615 2097 799 2124 examen
821 2089 915 2125 tam
937 2084 1122 2125 mortale
1144 2099 1277 2139 quam
1299 2084 1475 2126 seminis
1497 2084 1562 2125 sui
1584 2099 1676 2139 par.

342 2226 416 2268 11.
477 2227 537 2269 Et
576 2228 786 2282 quoniam
826 2228 940 2270 sicut
978 2228 1074 2270 illos
1113 2228 1311 2270 homines
1351 2228 1483 2270 fuisse
1522 2244 1611 2270 non
1651 2229 1823 2272 audetis
1844 2249 1891 2280 25
1941 2269 1943 2271 ,

257 2319 428 2361 negare,
468 2306 532 2347 ita
571 2312 672 2361 post
710 2312 897 2347 mortem
937 2306 1039 2348 deos
1078 2306 1220 2348 factos
1257 2307 1512 2348 instituistis
1550 2307 1820 2358 adseuerare,

258 2396 412 2425 causas
461 2398 574 2438 quae
623 2384 705 2425 hoc
754 2385 977 2440 exegerint
1025 2390 1327 2427 retractemus.
1389 2385 1595 2440 Inprimis
1645 2386 1823 2440 quidem

257 2474 431 2501 necesse
478 2467 544 2502 est
589 2462 839 2503 concedatis
886 2476 976 2503 esse
1022 2463 1213 2517 aliquem
1258 2463 1556 2505 sublimiorem
1602 2464 1733 2505 deum
1779 2471 1824 2507 et

258 2543 505 2597 mancipem
532 2544 753 2598 quendam
780 2544 1041 2595 diuinitatis,
1070 2545 1143 2599 qui
1171 2559 1224 2586 ex
1250 2545 1501 2587 hominibus
1526 2546 1630 2587 deos
1656 2546 1819 2588 fecerit.
1860 2592 1863 2593 ⁷

258 2619 375 2660 Nam
403 2634 544 2674 neque
573 2620 654 2661 sibi
682 2621 742 2661 illi
771 2636 941 2662 sumere
968 2622 1217 2676 potuissent
1245 2622 1539 2674 diuinitatem,
1571 2639 1705 2678 quam
1733 2639 1822 2666 non
1842 2643 1890 2676 30

259 2698 497 2748 habebant,
537 2713 617 2739 nec
654 2699 765 2741 alius
802 2706 1025 2754 praestare
1063 2715 1160 2742 eam
1197 2716 1286 2742 non
1324 2701 1589 2743 habentibus
1626 2703 1708 2744 nisi
1747 2703 1821 2758 qui

259 2778 432 2833 proprie
464 2778 730 2832 possidebat.
793 2779 995 2821 Ceterum
1028 2781 1062 2822 si
1094 2795 1223 2822 nemo
1256 2787 1370 2823 esset
1401 2783 1476 2837 qui
1508 2782 1611 2824 deos
1643 2783 1819 2834 faceret,

257 2858 421 2900 frustra
466 2861 744 2914 praesumitis
789 2861 893 2902 deos
938 2862 1079 2903 factos
1124 2862 1362 2904 auferendo
1407 2863 1634 2905 factorem.
1696 2864 1823 2906 Certe
