1975 3306
59 166 101 207 p.
131 155 209 194 110
231 153 258 195 1.
287 153 354 206 18]
562 151 1005 194 APOLOGETIOVS
1040 153 1091 194 38
1531 151 1612 192 385

58 270 230 310 361—2
269 284 340 311 nec
385 284 532 324 equum
589 269 759 310 uesani«
794 268 981 322 *feruida
1023 268 1127 310 circi
1168 273 1381 310 auctorem
1426 267 1614 308 leuitatis

58 338 179 380 habet
212 339 416 395 rupidiue
447 339 661 394 frassoris.
727 338 839 380 Stat.
878 339 985 380 Silu.
1031 350 1084 379 ΙΙΙ
1129 340 1165 387 5,
1198 340 1251 378 14
1294 343 1400 380 certe
1431 337 1611 378 lasciuia

58 409 180 451 corde
212 410 332 451 nulla
365 425 435 452 nec
469 416 543 451 aut
574 410 726 464 rapidi
755 410 936 451 mulcent
968 416 1005 451 te
1032 409 1203 464 proelia
1236 408 1342 450 circi
1372 414 1447 449 aut
1479 409 1615 449 intrat

56 494 199 521 sensus
228 480 405 522 clamosi
432 480 558 522 turba
586 480 753 521 theatri.
817 479 937 533 [Add
966 479 1078 535 Aug.
1102 484 1183 521 cat.
1206 478 1298 520 rud.
1325 479 1377 519 16
1399 475 1419 534 ξ
1441 479 1494 518 25
1512 478 1615 532 plus

59 549 266 590 aduersus
301 564 344 591 se
380 550 493 604 ipsos
525 549 782 590 insanientes
812 549 899 604 ipsi
929 554 1181 603 spectatores
1212 548 1319 589 alter
1348 562 1432 603 pro
1469 547 1614 595 altera
1635 559 1654 591 5

58 632 187 672 quam
218 618 291 659 illi
317 633 496 673 quorum
527 617 780 659 insaniam
812 618 958 658 insani
988 623 1235 672 prouocant,
1256 616 1328 658 sed
1359 616 1611 657 insaniendo

57 693 245 742 spectare
267 688 522 730 desiderant.
565 688 616 728 A.
633 687 696 742 S]
758 687 897 728 Blunt,
925 687 1063 744 Righb
1085 686 1176 729 Use
1199 688 1296 728 361.
1360 685 1616 741 Marquardb

57 763 128 798 111²
159 758 241 799 517
276 773 316 799 n.
351 760 386 799 2.

145 843 184 884 p.
211 831 293 870 110
317 829 342 870 1.
367 831 420 869 18
443 839 735 869 INPVDICITIA
764 839 966 869 THEATRI
1000 828 1066 870 De
1100 828 1295 884 Spectac.
1321 831 1385 869 18.
1411 829 1464 869 10
1496 843 1534 883 p.
1561 829 1614 867 12

58 899 82 940 l.
107 897 129 940 7
156 898 282 940 Wiss.
304 914 427 954 saepe
449 913 635 940 censores
656 899 874 940 nascentia
897 914 992 940 cum
1021 899 1205 940 niaoeime
1234 898 1401 940 theatra
1431 898 1615 939 destrue-
1639 910 1681 934 10

59 968 170 1017 bant,
191 969 377 1010 moribus
411 968 676 1018 consulentes,
711 983 890 1023 quorum
927 968 1085 1010 scilicet
1112 969 1356 1024 periculam
1387 968 1535 1023 inyens
1566 967 1617 1009 de

58 1039 240 1081 lasciuia
273 1039 568 1094 prouidebant.
631 1038 744 1094 Aug.
780 1050 816 1079 II
854 1038 920 1079 De
964 1037 1112 1094 Symb.
1157 1040 1181 1079 2
1223 1036 1242 1094 ᾖ
1278 1040 1313 1079 1.
1377 1036 1503 1093 Cypr.
1547 1036 1617 1077 Ad

58 1109 215 1150 Donat.
244 1111 281 1149 8.
338 1107 507 1164 [Cypr]
540 1108 606 1149 De
631 1107 775 1164 Spect.
799 1110 837 1149 3.

148 1189 433 1219 ATROCITATE
455 1189 680 1218 HARENAE
702 1177 769 1218 De
793 1176 988 1233 Spectae.
1014 1179 1080 1226 18,
1098 1176 1215 1218 cited
1236 1177 1382 1218 below.
1439 1176 1616 1218 Salvian

59 1261 109 1290 VI
150 1247 170 1305 ξ
213 1251 266 1290 10
307 1249 354 1289 in
396 1249 900 1304 spectaculis...primum
942 1247 1200 1289 deliciarum
1239 1263 1371 1302 yen'us
1411 1254 1470 1289 est
1505 1247 1616 1289 mori
1639 1263 1679 1295 15

59 1319 257 1368 homines,
279 1318 455 1373 impleri
478 1317 685 1373 ferarum
707 1318 828 1359 aluos
856 1317 1055 1358 lz‘unzanis
1087 1317 1286 1359 carnibus
1312 1332 1405 1359 cum
1437 1317 1615 1359 circum-

58 1390 265 1431 stantium
299 1389 517 1443 uoluptate
554 1394 592 1429 et
634 1388 981 1443 conspicientium
1024 1388 1215 1429 laetitia:
1257 1394 1380 1443 utque
1411 1388 1483 1429 hoc
1518 1388 1615 1443 fiat,

62 1459 174 1502 orbis
216 1459 483 1514 impendium
525 1465 609 1500 est:
653 1459 866 1500 adeuntur
907 1459 999 1500 loca
1042 1458 1197 1507 abdita,
1232 1459 1473 1500 lustrantur
1504 1457 1618 1499 i‘nuii

60 1530 207 1578 saltus,
234 1535 526 1584 peraqmntur
554 1530 691 1570 siluae
722 1527 1042 1583 inexplicabiles
1071 1534 1118 1575 et,
1143 1534 1189 1570 sut
1222 1528 1428 1570 deuorari
1452 1527 1618 1583 possint

60 1599 259 1647 homines,
302 1613 383 1640 non.
427 1598 522 1640 licet
563 1604 766 1639 naturam
813 1613 961 1639 rerum
1002 1597 1151 1639 habere
1194 1598 1362 1653 aliquid
1403 1602 1615 1639 secretum.
1637 1612 1682 1634 20

63 1670 234 1710 Petron.
272 1670 354 1710 119
391 1670 563 1709 14—18
600 1669 823 1723 quaeritur
857 1668 902 1709 in
935 1667 1062 1709 siluis
1099 1683 1205 1709 auro
1235 1667 1339 1723 fera
1371 1673 1408 1709 et
1439 1667 1617 1709 ultimus

61 1739 283 1780 Hammon
319 1737 537 1792 Afrorum
578 1737 798 1787 excutitur,
833 1752 883 1778 ne
915 1737 1022 1779 desit
1064 1737 1184 1779 belua
1221 1737 1340 1778 dente
1374 1737 1432 1778 ad
1465 1742 1620 1778 mortes

56 1810 270 1865 pretiosa;
291 1808 440 1864 fames
455 1808 618 1862 premit
640 1808 808 1849 aduena
833 1808 997 1858 classes,
1019 1808 1146 1863 tiyris
1167 1813 1204 1849 et
1227 1814 1386 1849 aurata
1412 1807 1620 1862 yradiens

61 1886 252 1922 nectatur
282 1880 329 1920 in
361 1879 478 1928 aula,
501 1884 546 1920 ¹ut
571 1878 684 1920 bibat
713 1878 949 1919 humanum
971 1879 1132 1934 populo
1158 1879 1392 1935 plaudente
1414 1893 1617 1921 cruorem.

60 1947 338 1990 HieronssVib.
348 1947 559 1988 Hilarion.
574 1946 594 2004 ξ
608 1949 632 1988 2
647 1963 729 1989 non
743 1948 849 1989 circi
850 1947 1093 2003 furoribus,
1109 1963 1188 1989 non
1202 1948 1386 1990 harenae
1400 1948 1617 2003 sanyuine,
1638 1966 1656 1988 2
1660 1966 1680 1998 5

60 2034 143 2060 non
174 2019 331 2060 theatri
362 2018 540 2058 luauria
571 2017 869 2059 delectabatur.
933 2016 1138 2073 Pelagius
1170 2033 1234 2074 ep.
1267 2018 1322 2059 ad
1350 2017 1616 2059 Demetriad.

61 2088 181 2130 Hier.
210 2100 261 2129 XI
291 2090 315 2128 2
333 2103 372 2144 p.
403 2086 474 2128 17θ
500 2087 608 2141 (also
639 2087 685 2128 in
717 2086 905 2128 editions
937 2088 984 2128 of
1014 2086 1148 2143 Aug.)
1179 2089 1233 2128 14
1267 2087 1324 2128 ad
1355 2088 1618 2129 consulatum

61 2174 207 2201 eorum
238 2159 433 2200 diuersae
459 2157 586 2199 totius
619 2157 731 2199 orbis
758 2157 1021 2212 prouinciae,
1050 2157 1109 2198 ad
1137 2172 1243 2212 quas
1275 2157 1425 2199 domus
1454 2163 1618 2199 uestrae

60 2229 247 2285 potentia
269 2227 518 2275 eoetenditur,
532 2228 784 2282 pereyrinas
795 2227 924 2283 feras
945 2233 983 2270 et
1004 2228 1151 2282 iynota
1174 2228 1391 2269 animalia
1412 2228 1613 2269 transmi-

61 2306 215 2348 serunt,
231 2313 340 2354 quae
357 2298 542 2340 crudelis
558 2298 744 2339 harenae
757 2299 894 2339 solum
908 2299 975 2340 uel
993 2313 1066 2339 suo
1085 2298 1153 2340 uel
1170 2298 1390 2340 hominum
1406 2298 1614 2352 sanquine
1635 2317 1680 2348 30

61 2375 339 2412 cruentarent.
401 2368 514 2410 Iren.
532 2379 548 2408 Ι
572 2370 596 2410 6
618 2366 637 2424 ἓ
659 2370 684 2410 3
709 2367 782 2410 καὶ
806 2367 880 2410 ἐπὶ
902 2371 1058 2410 πᾶσαν
1081 2367 1349 2424 ἑορτάσιμον
1371 2369 1459 2409 τῶν
1481 2367 1615 2409 ἐθνῶν

62 2439 227 2496 τέρψιν
256 2439 316 2484 εἰς
346 2436 475 2490 τιμὴν
501 2439 588 2479 τῶν
617 2437 808 2480 εἰδώλων
835 2436 1096 2492 ’γιγνομένην
1118 2439 1288 2491 πρῶτοι
1315 2437 1537 2487 συνίασιν,
1560 2437 1616 2483 ὡς

61 2509 171 2563 μηδε
223 2512 301 2562 τῆς
353 2506 476 2564 παρὰ
520 2508 616 2563 Θεῷ
656 2507 729 2549 καὶ
773 2506 1023 2562 ἀνθρώποις
1065 2506 1366 2561 μεμισημένης
1408 2511 1486 2560 τῆς
1526 2508 1615 2549 τῶν

63 2580 350 2636 θηριομάχων
378 2578 453 2620 καὶ
479 2577 754 2634 μονομαχίας
781 2576 1055 2634 ἀνδροφόνου
1079 2578 1179 2624 θέας
1201 2578 1454 2635 ἀπέχεσθαι
1476 2576 1614 2625 ἐνίους

60 2649 218 2692 αὐτῶν,
280 2648 407 2705 Cypr.
439 2647 494 2688 ad
522 2646 680 2688 Donat.
716 2646 752 2689 7.
813 2647 1051 2689 Neumann
1084 2660 1100 2689 Ι
1138 2650 1221 2690 235
1256 2650 1409 2690 9-11,
1442 2648 1611 2705 (Orig.).
1632 2663 1674 2694 35

63 2717 213 2774 Chrys.
237 2718 365 2760 Hom.
390 2719 443 2758 13
465 2715 511 2757 in
535 2719 556 2756 1
583 2715 677 2758 Cor.
703 2719 728 2757 4
749 2717 988 2772 (Hauera).

147 2799 282 2828 XYSTI
322 2787 475 2842 xystici
510 2787 576 2828 De
615 2786 809 2842 Spectac.
846 2788 902 2828 30
942 2801 981 2842 p.
1025 2788 1079 2828 29
1117 2787 1142 2828 l.
1182 2788 1206 2829 9
1246 2787 1367 2828 Wiss.
1411 2786 1610 2840 (Suebon.

62 2856 202 2898 Galba
233 2859 307 2910 15)
340 2863 436 2899 tunc
469 2857 622 2912 mystici
653 2856 975 2912 contemplandi,
1006 2871 1089 2898 non
1120 2856 1163 2897 in
1192 2856 1431 2912 yymnasiis
1461 2857 1534 2898 sed
1565 2857 1611 2899 in

173 2955 213 2980 M.
235 2955 270 2980 T.
1452 2944 1501 2979 25
