1975 3306
140 156 185 198 p.
209 143 313 185 501.
338 144 410 197 20]
654 145 1099 190 APOLOGETICVS
1134 149 1186 190 15
1622 149 1704 191 245

146 260 384 303 Woodham
427 277 649 318 compares
690 278 724 305 c,
766 266 820 306 46
864 264 962 307 deos
1012 270 1174 307 uestros
1221 265 1373 321 palam
1425 266 1701 308 destruunt...

141 330 418 373 laudantibus
454 333 584 382 uobis,
618 333 812 389 plerique
858 336 988 377 etiam
1023 336 1068 377 in
1109 336 1332 392 principes
1378 337 1544 379 latrant
1579 336 1705 379 susti-

140 401 332 444 nentibus
362 402 490 445 uobis,

232 483 408 513 CYBELE
430 474 479 514 cf.
502 488 541 529 p.
566 476 621 515 50
644 474 669 515 l.
693 476 746 516 26
770 490 810 517 n.
872 475 927 517 ad
949 484 1036 518 nat).
1060 488 1077 517 Ι
1103 479 1156 519 10
1178 492 1216 533 p.
1237 480 1291 519 80
1313 477 1338 518 l.
1357 481 1383 520 4
1401 477 1526 519 Wiss.
1554 477 1707 533 Cybela

137 547 357 597 pastorem
378 543 571 598 suspirat
591 543 892 600 fastidiosum,
916 561 995 587 non
1026 546 1359 590 erubescentibus
1385 547 1501 590 uobis
1522 553 1560 589 et
1580 547 1706 588 susti·
1728 567 1747 599 5

142 611 250 654 netis
279 611 407 654 Iouis
438 614 577 669 elogyia
611 614 842 657 modulari.
906 616 1066 658 Arnob.
1096 628 1145 658 IV
1175 619 1229 659 35
1263 618 1449 660 saltatur
1477 624 1515 659 et
1541 616 1707 672 Mayna

141 683 278 725 sacris
315 690 482 739 compta
519 699 615 726 cum
652 685 809 741 infulis
848 686 993 729 Mater
1024 694 1062 730 et
1091 694 1243 744 ‚contra
1275 689 1400 731 decus
1432 689 1586 731 aetatis
1622 687 1703 729 illa

141 754 421 797 Pessinuntia
454 755 725 812 Dindymene
761 758 806 799 in
845 757 1012 800 bubulci
1048 759 1177 800 unius
1214 760 1458 815 amplexum
1480 759 1707 815 flagitiosa

134 825 322 880 fingtitur
363 825 623 880 adpetitione
661 827 827 881 yestire.
892 839 922 868 V
959 830 1026 869 42.
1090 844 1202 871 omn.
1236 841 1307 870 VII
1340 832 1395 871 33
1438 845 1476 886 p.
1518 830 1601 871 266
1640 830 1705 869 25.

145 894 341 937 Obscene
375 895 548 937 festival
580 897 628 937 of
654 896 818 953 Cybele
855 903 901 939 ab
937 897 1170 954 Carthago.
1244 899 1358 956 Aug.
1392 899 1459 941 De
1493 898 1587 941 Ciu.
1622 897 1707 939 Dei
1729 921 1772 943 10

146 969 240 1009 114.
271 972 308 1009 5.
338 979 407 1009 VII
432 970 468 1009 9.
532 968 655 1010 Zahn
688 969 999 1026 Forschungen
1023 981 1053 1010 V
1078 970 1172 1012 176.
1236 970 1404 1012 Lucian
1434 971 1560 1012 Deor.
1591 969 1705 1011 Dial.

147 1041 199 1080 12
225 1041 261 1081 1.
322 1038 470 1081 Sidon.
494 1039 541 1082 C.
568 1042 621 1081 23
646 1042 830 1083 281-8.
893 1040 1013 1082 Lacb.
1036 1040 1138 1083 Diu.
1162 1041 1271 1083 Inst.
1298 1053 1313 1082 Ι
1338 1041 1390 1082 17
1415 1039 1486 1098 §T

232 1120 475 1151 SVSPIRAT:
509 1109 613 1152 Hor.
637 1109 797 1152 Tibull.
1004 1146 1006 1148 ,

233 1195 272 1236 p.
297 1182 351 1222 50
374 1181 398 1222 l.
424 1182 477 1223 16
501 1192 767 1222 SVSTINETIS
789 1197 820 1223 c.
847 1184 898 1222 25
922 1197 961 1238 p.
986 1183 1041 1224 90
1064 1182 1088 1223 1.
1115 1183 1178 1223 15.

233 1262 357 1293 IOVIS
389 1252 551 1293 Arnob.
576 1264 626 1293 IV
659 1254 712 1293 35
738 1252 763 1294 f.
786 1253 890 1307 quin
922 1258 960 1294 et
990 1252 1063 1294 ille
1095 1252 1138 1293 in
1162 1252 1336 1308 fabulis
1366 1252 1585 1293 maximus
1617 1251 1709 1306 ipse
1730 1272 1772 1304 15

144 1328 345 1377 reynator
368 1322 465 1377 poli
486 1321 577 1362 sine
603 1321 692 1362 ulla
720 1321 906 1363 nominis
927 1321 1247 1377 maiestatisque
1267 1321 1513 1377 formidine
1543 1321 1707 1362 adulte-

142 1407 294 1434 rorum
335 1407 461 1446 ayere
501 1391 789 1434 introducitur
826 1397 989 1447 partes,
1023 1398 1146 1447 atque
1188 1398 1234 1434 vut
1268 1392 1435 1447 fallere
1471 1391 1708 1434 castitatem

144 1463 388 1504 alienarum
416 1461 552 1517 possit
571 1462 783 1517 familias
804 1468 1006 1511 matrum,
1029 1478 1107 1504 ora
1135 1462 1366 1504 immutare
1391 1461 1582 1517 pellacia
1602 1467 1640 1503 et
1661 1461 1707 1502 in

144 1533 301 1589 species
337 1533 564 1587 coniuy‘um
597 1532 806 1574 subditiui
834 1534 1026 1588 corporis
1056 1534 1334 1575 simulatione
1361 1533 1590 1575 succedere.
1652 1531 1708 1574 id.

144 1614 214 1643 VII
237 1605 292 1645 33
315 1618 353 1659 p.
379 1604 473 1644 266.
499 1604 563 1644 22.
1728 1625 1773 1647 20

234 1689 273 1730 p.
297 1676 352 1715 50
375 1674 400 1715 l.
425 1676 478 1715 18
501 1674 556 1715 ad
578 1680 666 1716 nab.
690 1685 705 1714 Ι
730 1676 785 1715 10
807 1689 845 1730 p.
870 1677 925 1716 80
948 1675 972 1716 l.
999 1677 1020 1715 1
1054 1674 1179 1716 Wiss.
1203 1679 1536 1730 constuprantur
1564 1688 1708 1715 coram

146 1743 264 1785 uobis
304 1743 547 1785 maiestates
587 1743 635 1784 in
676 1758 851 1798 corpore
887 1744 1071 1799 impuro.
1108 1744 1336 1800 famosum
1371 1749 1409 1785 et
1445 1742 1708 1784 diminutum

146 1818 275 1868 caput
305 1813 448 1867 imagyo
480 1812 705 1854 cuiuslibet
737 1812 807 1854 dei
838 1814 974 1855 uestit.

234 1897 274 1938 p.
299 1884 353 1924 50
376 1883 400 1924 l.
426 1885 479 1923 18
502 1897 589 1938 seq.
651 1882 847 1939 Spectac.
874 1885 927 1924 10
951 1899 990 1940 p.
1011 1885 1065 1924 12
1088 1884 1112 1925 l.
1137 1886 1190 1925 25
1216 1883 1342 1925 Wiss.
1364 1882 1491 1937 (with
1515 1881 1709 1924 Oehler’s

146 1954 269 2004 note)
293 1966 399 2007 quae
423 1951 609 2007 priuata
638 1958 676 1993 et
703 1952 890 2007 propria
918 1959 1016 1994 sunt
1043 1968 1220 1995 scaenae
1247 1954 1298 1995 de
1317 1959 1438 2008 yestu
1460 1958 1497 1994 et
1519 1951 1709 2007 corporis
1728 1977 1746 1999 2
1752 1976 1772 2009 5

138 2022 260 2076 flexu
290 2022 502 2064 mollitiae
540 2021 716 2064 Veneris
748 2028 785 2064 et
815 2022 962 2064 Liberi
991 2023 1228 2065 immolant.
1293 2023 1397 2064 Hor.
1426 2021 1569 2064 Carm.
1604 2032 1619 2061 Ι
1654 2023 1706 2062 15

150 2095 185 2141 1,
222 2094 246 2132 2
272 2097 425 2147 pastor
455 2107 550 2134 cum
582 2092 768 2134 traheret
806 2107 890 2148 per
917 2092 1037 2146 freta
1067 2093 1251 2135 nauibus
1286 2092 1290 2148 Ι
1321 2092 1474 2134 Idaeis
1504 2092 1710 2142 Helenen,

147 2162 339 2217 peifidus
369 2161 592 2217 hospitam.

237 2242 588 2272 IGNOMINIOSVM
613 2230 707 2272 qu.
733 2234 770 2272 8.
794 2233 877 2272 188
900 2246 940 2273 n.

238 2316 277 2356 p.
302 2301 404 2342 501.
430 2303 482 2342 19
516 2312 899 2342 EFFEMINATIONE
931 2301 1103 2343 Firmic.
1134 2301 1267 2342 math.
1298 2301 1386 2355 [v11
1411 2302 1463 2342 25
1492 2299 1512 2357 ξ
1541 2303 1606 2350 14,
1635 2302 1708 2344 ref.
1729 2323 1774 2355 30

149 2370 195 2411 in
224 2370 305 2412 LS.
329 2385 487 2426 wrong.
548 2371 599 2412 A.
623 2370 686 2425 S]
743 2371 863 2412 Hier.
887 2371 1010 2413 Seru.
1032 2371 1087 2412 ad
1108 2371 1215 2412 Aen.
1240 2381 1289 2411 IV
1313 2372 1408 2412 216.
1472 2370 1541 2412 On
1570 2376 1709 2412 actors

150 2440 330 2496 playing
361 2441 516 2481 female
548 2447 668 2496 parts
698 2441 796 2482 qu.
821 2443 845 2482 3
881 2443 1053 2483 93—99
1086 2441 1173 2482 ind.
1197 2455 1226 2482 s.
1251 2456 1287 2482 v.
1310 2446 1461 2482 actors.

239 2525 277 2565 p.
302 2512 356 2551 50
379 2510 403 2551 l.
429 2512 483 2551 20
505 2522 715 2559 ALIQVAM
737 2526 769 2552 c.
794 2513 849 2552 50
871 2526 907 2551 a.
926 2526 980 2552 m.
1003 2511 1152 2566 aliqua
1175 2510 1452 2565 Carthayinis
1474 2511 1697 2553 conditrice.

239 2591 493 2622 HERCVLEM
527 2580 577 2622 cf.
610 2580 772 2621 Arnob.
811 2591 861 2620 IV
899 2582 953 2621 35
991 2595 1063 2622 nec
1098 2594 1181 2621 non
1221 2585 1259 2621 et
1291 2580 1375 2620 illa
1405 2581 1552 2634 proles
1586 2580 1710 2623 Iouis

152 2650 371 2704 Sophoclis
392 2650 438 2690 in
463 2649 709 2691 Trachiniis
730 2650 941 2692 Hercules
959 2649 1158 2705 pestiferi
1179 2649 1377 2704 teyminis
1398 2651 1711 2692 circumretitus
1729 2674 1774 2706 35

150 2719 355 2773 indayine
379 2719 642 2761 miserabiles
670 2719 790 2761 edere
817 2719 1039 2761 inducitur
1066 2719 1292 2768 heiulatus,
1313 2720 1521 2762 uiolentia
1550 2720 1710 2762 doloris

98 2838 100 2841 ι
140 2789 303 2845 franyi
325 2795 447 2844 atque
468 2789 516 2830 in
535 2789 733 2831 ultimam
749 2789 884 2831 tabem
902 2789 1183 2844 diffluentium
1200 2790 1412 2832 uiscerum
1429 2791 1710 2834 maceratione

153 2874 353 2902 consumi.
