1975 3306
336 89 420 128 450
911 83 1316 125 TERTVLLIANI
1572 84 1632 137 [p.
1661 83 1738 124 132
1760 82 1786 123 l.
1812 83 1896 124 9-—

334 200 435 257 plus
456 200 570 242 debet
589 199 750 241 Christi
766 198 1004 253 discipulus
1020 203 1248 253 praestare
1268 212 1397 252 quam
1421 196 1594 246 7nu=ndi;
1617 195 1895 252 philosophus

335 270 696 326 yloriaeanimal
729 275 767 310 et
792 269 1024 324 popularis
1053 282 1188 310 aurae
1214 273 1338 322 atque
1361 282 1582 308 rumorum
1606 266 1752 308 uenale
1774 280 1894 306 man-

340 341 499 396 cipium
521 346 588 381 est.
642 339 697 381 ib.
719 341 801 379 118
825 341 849 379 5
868 337 1014 391 (79612)
1030 337 1308 393 philosophus
1326 337 1493 392 9lo›·iae
1516 336 1681 378 animal
1703 342 1740 378 et
1757 351 1894 391 popu—

340 410 450 452 laris
473 424 606 451 aurae
630 409 714 450 uile
736 409 1013 463 mancipium.
1066 408 1179 464 Aug.
1194 423 1259 464 ep.
1283 409 1379 460 (56)
1395 409 1478 448 118
1501 407 1568 461 (of
1579 405 1896 462 philosophers)

299 495 318 526 5
339 480 484 521 inanis
531 480 700 534 yloriae
749 479 981 534 mancipia,
1024 479 1132 520 from
1178 477 1353 520 Cresoll.
1396 477 1636 519 Theatrum
1682 477 1893 518 Veterum

341 551 583 592 Rhetorum
606 561 637 590 V
661 551 697 591 2.
761 548 849 592 Cic.
878 564 955 605 pro
986 548 1149 590 Archia
1176 546 1196 605 ξ
1219 550 1272 590 26
1295 548 1382 604 ipsi
1402 548 1474 590 illi
1496 547 1744 603 philosophi
1766 547 1895 588 etiam

339 621 385 662 in.
407 621 466 662 eis
495 619 661 668 libellis,
683 634 784 674 quos
812 619 862 660 de
883 618 1183 661 contemnenda
1209 617 1354 672 yloria
1376 617 1575 667 scribunt,
1599 632 1748 659 nomen
1769 632 1893 658 suum

339 690 601 732 inscribunt:
641 690 685 730 in
729 704 773 731 eo
810 689 914 744 ipso,
945 689 992 729 in
1033 703 1113 743 quo
1152 687 1521 744 praedicationem
1558 688 1897 741 nobilitatemque

341 760 589 816 despiciunt,
618 759 874 814 praedicari
907 759 958 801 de
993 774 1035 801 se
1070 774 1120 801 ac
1151 759 1371 800 nominari
1400 759 1559 800 uolunt.

276 846 320 869 10
429 845 467 885 p.
503 830 584 870 132
618 828 642 870 l.
674 829 728 869 10
761 839 1016 869 LIBIDINOSI
1049 827 1116 869 De
1150 827 1268 884 Virg.
1303 827 1395 868 Vel.
1422 829 1474 869 13
1507 842 1545 884 p.
1570 843 1624 868 m.
1656 842 1754 882 erqo
1787 825 1898 882 quod

340 916 420 942 non
439 905 575 955 potest
596 897 740 939 uideri
754 903 934 953 propter
955 897 1209 953 deumfieri,
1231 898 1334 953 quia
1356 898 1416 939 sic
1437 898 1541 953 fieri
1563 897 1665 939 deus
1686 912 1769 938 non.
1791 896 1896 944 uult,

340 969 542 1025 sequitur,
584 973 628 1008 ut
663 967 882 1009 hominum
922 967 1071 1021 ¹qratia
1101 967 1194 1022 fiat,
1227 968 1370 1023 utique
1413 967 1556 1022 primo
1593 966 1809 1015 illicitum,
1851 971 1898 1007 ut

338 1039 503 1094 gloriae
533 1037 818 1078 libidinosum.
880 1036 946 1078 De
973 1035 1099 1078 Cam.
1134 1037 1284 1078 Resur.
1318 1039 1372 1077 32
1403 1052 1441 1093 p.
1477 1036 1526 1078 71
1557 1037 1581 1077 l.
1622 1038 1676 1078 10
1706 1036 1780 1077 Kr.
1805 1035 1899 1091 quis

342 1124 438 1164 eryo
461 1107 651 1149 discendi
672 1107 812 1161 nuckqis
833 1106 993 1162 adfinis
1017 1122 1144 1162 quam
1162 1106 1470 1162 praesumendi
1495 1111 1533 1148 et
1565 1105 1766 1147 credendi
1795 1104 1897 1146 dili-

278 1194 320 1225 15
340 1178 505 1233 yentior
526 1192 654 1232 quam
686 1176 970 1225 contendendi,
992 1182 1030 1218 et
1052 1176 1227 1218 diuinae
1258 1177 1399 1232 potius
1420 1176 1656 1231 sapientiae
1677 1175 1900 1230 religiosus

343 1263 473 1303 quam
494 1262 595 1288 suae
619 1246 884 1288 libidinosus.

432 1333 471 1374 p.
507 1319 589 1358 132
622 1317 647 1358 l.
682 1319 732 1357 11
769 1327 977 1357 DIGESTIS
1021 1316 1145 1372 Kaye
1184 1318 1266 1358 299
1302 1315 1410 1357 cites
1452 1315 1564 1357 Adu.
1608 1315 1736 1356 Marc.
1782 1326 1831 1355 lv
1874 1315 1900 1354 3

342 1404 380 1445 p.
423 1390 508 1429 428
543 1388 567 1428 l.
604 1389 655 1428 11
694 1386 769 1428 Kr.
804 1386 878 1440 (he
913 1402 1011 1442 says
1049 1387 1242 1443 wrongly
1270 1402 1302 1428 c.
1343 1389 1387 1441 2)
1424 1393 1461 1428 et
1494 1386 1594 1428 inde
1624 1392 1722 1428 sunt
1754 1391 1900 1427 nostra

341 1459 516 1513 diqesta.
592 1456 695 1497 ibid.
728 1467 777 1496 IV
812 1459 836 1498 5
869 1471 909 1512 p.
942 1458 1024 1497 431
1060 1457 1084 1498 l.
1118 1458 1143 1497 8
1178 1456 1254 1497 Kr.
1286 1456 1427 1499 Lucae
1459 1456 1679 1512 diqestum.
1748 1454 1812 1498 Cf.
1846 1455 1901 1496 ad

281 1546 325 1568 20
343 1535 430 1570 nat.
455 1539 488 1568 ΙΙ
514 1530 535 1568 1
561 1542 600 1583 p.
624 1528 680 1568 94
703 1527 727 1567 l.
752 1528 804 1567 15
830 1526 955 1568 Wiss.
979 1527 1085 1582 eleyi
1116 1526 1175 1568 ad
1207 1527 1501 1581 compendium
1534 1526 1739 1569 Varronis
1761 1541 1902 1581 opera,

342 1599 416 1654 qui
456 1613 601 1639 rerum.
643 1596 898 1638 diuinarum
929 1612 978 1638 ea:
1015 1596 1205 1638 omnibus
1244 1602 1352 1638 retro
1385 1597 1558 1651 diyestis
1590 1602 1903 1646 commentatus,

342 1669 537 1711 idoneum
559 1682 601 1709 se
622 1666 739 1708 nobis
759 1681 928 1721 scopum
947 1668 1148 1721 exposuit.
1212 1666 1374 1708 Oehler
1388 1666 1522 1707 there.
1575 1666 1641 1708 De
1658 1666 1785 1722 Bapt.
1801 1669 1821 1706 1
1839 1681 1901 1722 pr.

333 1738 450 1794 felic
482 1742 797 1779 sacramentum
835 1751 970 1791 aquae
1006 1742 1316 1778 nostrae...non
1355 1737 1436 1778 erit
1478 1736 1655 1778 otiosum
1693 1736 1899 1791 diyestum

343 1809 471 1858 istud.
488 1808 701 1849 instruens
723 1813 812 1848 tam
827 1821 905 1856 eos,
919 1807 992 1862 qui
1007 1822 1101 1849 cum
1118 1807 1304 1848 maxime
1310 1807 1579 1863 formantur,
1594 1822 1724 1862 quam
1741 1812 1779 1848 et
1791 1807 1904 1855 illos,

283 1899 326 1930 25
345 1878 417 1933 qui
438 1876 692 1932 simpliciter
709 1875 938 1918 credidisse
956 1876 1146 1926 contenti,
1161 1892 1241 1918 non
1260 1877 1495 1931 exploratis
1512 1876 1748 1918 rationibus
1765 1876 1903 1918 tradi-

346 1949 508 1990 tionum
531 1947 830 2001 intemptatam
848 1945 1113 2000 probabilem
1125 1945 1264 2001 fidem
1279 1961 1361 2001 per
1381 1946 1646 2001 imperitiam
1661 1952 1849 2001 portant.

434 2032 473 2073 p.
499 2017 581 2057 132
605 2016 630 2056 l.
656 2017 709 2056 12
734 2014 869 2057 Clem.
894 2014 1054 2056 Strom.
1078 2027 1126 2055 VI
1150 2030 1183 2056 c.
1207 2015 1264 2069 [2.
1288 2017 1314 2056 4
1336 2013 1395 2072 §3
1417 2030 1456 2071 p.
1482 2014 1562 2057 737
1581 2016 1623 2057 P.
1677 2016 1812 2070 A.S.].

436 2102 475 2143 p.
501 2087 583 2127 132
607 2085 632 2126 1.
658 2086 711 2125 14
735 2090 814 2126 etc.
838 2085 891 2125 ad
920 2090 1008 2126 nab.
1032 2096 1066 2125 ΙΙ
1091 2087 1115 2125 2
1138 2100 1177 2141 p.
1202 2087 1256 2127 95
1280 2085 1304 2126 l.
1329 2086 1383 2125 24
1414 2084 1538 2126 Wiss.
1562 2085 1690 2139 (lexx.
1714 2085 1802 2128 Col.
1826 2088 1904 2139 (1).

347 2158 464 2199 Tert.
487 2156 553 2197 De
583 2155 702 2211 Virg.
726 2155 819 2196 Vel.
844 2157 894 2195 11
922 2155 1058 2209 [more
1085 2155 1130 2196 in
1154 2155 1348 2197 Oehler's
1370 2155 1512 2196 index.
1536 2155 1654 2210 A.S.]
1695 2155 1815 2197 Hier.
1838 2158 1906 2210 (l)

286 2247 331 2278 30
352 2243 450 2269 nam
482 2233 519 2268 et
551 2226 666 2267 alias
697 2225 894 2266 ueritatis
924 2225 1180 2280 simplicitas
1206 2241 1286 2280 per
1306 2226 1676 2281 scrupulositatem
1701 2227 1906 2282 passiuae

343 2297 451 2353 fidei
485 2302 616 2344 nutat,
637 2301 675 2337 et
705 2295 770 2336 ita
802 2294 1018 2336 accedente
1051 2295 1228 2337 libidine
1257 2296 1424 2350 ¹qloriae
1455 2296 1513 2338 ad
1538 2297 1714 2352 proprii
1744 2297 1907 2352 inqenii

351 2382 480 2422 opera
503 2371 696 2414 mutasse,
708 2380 789 2420 per
806 2364 916 2420 quod
937 2364 983 2405 in
1004 2364 1211 2407 incertum
1233 2365 1339 2407 abiit
1361 2365 1491 2407 etiam
1512 2366 1623 2420 quod
1643 2366 1906 2416 inuenerant,

350 2443 387 2478 et
408 2435 536 2491 facta
567 2440 625 2476 est
651 2433 1070 2488 aryumentationum
1096 2434 1321 2476 inundatio
1344 2434 1394 2476 de
1424 2435 1646 2477 stillicidio
1677 2450 1759 2477 uno
1782 2441 1907 2491 atque

353 2506 440 2547 alio
472 2504 678 2547 ueritatis.
740 2504 910 2546 inuento
939 2504 1052 2545 enini
1072 2505 1210 2546 solum
1231 2505 1356 2546 modo
1379 2505 1466 2553 deo,
1489 2521 1565 2547 non
1594 2512 1635 2548 ut
1656 2506 1907 2549 inuenerunt

291 2599 334 2629 35
355 2581 645 2632 apo-suerunt,
672 2580 718 2616 ut
749 2574 800 2616 de
832 2573 1038 2629 qualitate
1069 2574 1159 2616 eius
1190 2580 1226 2616 et
1257 2574 1308 2617 de
1339 2581 1511 2624 natura,
1544 2581 1581 2617 et
1610 2576 1700 2617 iam
1732 2576 1783 2618 de
1813 2576 1908 2618 sede

355 2646 592 2700 disceptent.

443 2730 482 2771 p.
508 2717 589 2756 132
624 2715 647 2754 l.
674 2713 724 2755 17
759 2713 931 2754 Ashton
961 2713 1026 2765 (in
1058 2713 1318 2767 Woodham)
1344 2714 1467 2755 reads
1496 2715 1603 2756 from
1633 2715 1686 2756 ad
1717 2722 1805 2757 nab.
1828 2715 1850 2757 l.
1874 2730 1907 2758 c.

355 2786 540 2826 inuento.
554 2783 675 2825 ..Deo
699 2784 803 2824 adeo
826 2788 905 2824 etc.
