1975 3306
65 163 108 204 p.
137 153 216 192 132
239 150 265 192 l.
291 151 365 203 22]
580 149 1023 192 APOLOGETICVS
1056 152 1108 193 47
1540 151 1619 192 451

158 281 197 322 p.
223 268 304 307 132
339 266 361 307 l.
390 268 442 307 18
465 280 549 321 seq.
614 265 679 306 De
713 265 827 307 Test.
851 265 998 306 Anim.
1023 268 1042 306 1
1077 281 1114 322 p.
1141 267 1222 307 135
1247 266 1269 307 l.
1296 268 1348 306 13
1383 266 1506 307 Wiss.
1531 281 1622 307 con-

69 336 168 377 siste
203 337 249 377 in
283 336 431 384 medio,
469 336 629 385 anima,
658 351 730 377 seu
764 336 915 377 diuina
950 343 987 377 et
1017 342 1189 378 aeterna
1227 351 1294 378 res
1324 351 1366 378 es
1396 336 1624 378 secundum

67 406 217 461 plures
241 405 522 461 philosophos,
546 421 589 448 eo
614 406 752 461 mayis
780 422 857 447 non
888 407 1126 457 mentieris‚·
1157 422 1226 448 seu
1257 407 1431 448 mininie
1459 406 1624 455 diuina,

72 476 272 530 quoniam
303 476 473 531 quidem
513 477 715 525 mortalis,
753 482 795 517 ut
828 476 1020 531 Epicuro
1062 477 1143 518 soli
1179 476 1363 526 uidetur,
1401 492 1444 518 eo
1487 477 1627 531 mayis

75 546 248 587 mentiri
287 561 371 587 non
413 546 587 595 debebis,
620 560 691 587 seu
723 546 773 588 de
804 546 918 588 caelo
949 547 1166 601 exciperis,
1199 562 1270 588 seu
1304 547 1354 588 de
1385 553 1501 588 terra
1534 562 1626 589 con·
1648 560 1667 592 5

76 616 241 671 ciperis,
273 624 345 657 seu
388 617 576 658 numeris
612 632 685 658 seu
720 617 875 658 atomis
912 616 1190 665 concinnaris,
1223 632 1293 658 seu
1329 631 1421 658 cum
1455 632 1629 671 corpore

75 686 241 741 incipis,
278 701 347 728 seu
386 692 482 741 post
510 702 662 742 corpus
691 686 920 737 induceris,
960 687 1067 728 unde
1102 687 1214 728 unde
1245 693 1282 728 et
1315 702 1474 742 quoquo
1508 687 1630 728 modo

77 756 287 798 hominem
317 757 439 812 facis
470 757 637 798 animal
673 757 897 805 rationale,
928 771 1073 798 sensus
1105 763 1142 799 et
1174 757 1370 799 scientiae
1403 758 1630 812 capacissi-

78 842 206 868 mum.
268 826 335 868 De
368 826 529 868 Anima
557 826 714 883 passim
744 842 820 883 eg.
848 829 873 868 3
901 841 939 883 p.
964 828 1048 868 303
1079 827 1104 868 l.
1134 828 1160 868 3
1191 826 1316 868 VViss.
1346 827 1429 867 alii
1458 827 1633 869 immor-

79 897 207 939 talem
242 903 398 952 neyant
428 897 635 946 animam,
668 897 750 938 alii
774 898 878 952 plus
910 912 1039 952 quam
1069 896 1356 938 immortalem
1387 896 1634 952 adfirmant,
1655 913 1699 935 10

81 967 164 1007 alii
197 966 248 1008 de
277 967 527 1016 substantia,
559 967 643 1008 alii
673 966 725 1008 de
751 965 915 1022 forma,
947 966 1030 1007 alii
1061 966 1112 1007 de
1144 981 1230 1007 una
1262 981 1425 1021 quaque
1456 966 1635 1021 disposi-

80 1037 192 1078 tione
239 1037 503 1091 disceptant:
554 1037 599 1078 ln·
639 1043 796 1079 statum
841 1037 930 1078 eius
971 1036 1149 1078 aliunde
1189 1036 1358 1084 ducunt,
1395 1037 1440 1077 ln·
1480 1037 1638 1078 emitum

79 1107 293 1149 aliorsum
320 1107 545 1156 abducunt,
576 1113 708 1163 prout
731 1113 807 1149 aut
829 1107 1030 1149 Platonis
1050 1107 1182 1148 honor
1213 1112 1288 1148 aut
1309 1107 1489 1149 Zenonis
1516 1108 1640 1162 uiyor

81 1183 161 1218 >aut
189 1177 439 1219 Aristotelis
469 1182 588 1218 tenor
620 1182 695 1218 aut
724 1176 911 1232 Epicuri
939 1182 1086 1231 stupor
1120 1181 1194 1217 aut
1225 1176 1445 1218 Heracliti
1473 1192 1642 1219 maeror

86 1253 161 1288 aut
198 1247 470 1302 Empedoclis
503 1246 637 1302 furor
661 1252 978 1302 persuaserunt.
1041 1245 1105 1288 Of.
1144 1246 1215 1288 Sir
1245 1246 1556 1302 JohnnDavies
1588 1262 1642 1288 on
1664 1261 1705 1291 15

85 1316 164 1358 the
197 1317 303 1358 soul.

176 1401 215 1441 p.
242 1387 323 1427 132
358 1386 382 1426 l.
412 1387 465 1427 2Ο
498 1386 564 1427 De
603 1385 766 1427 Anima
803 1389 827 1428 5
857 1401 920 1442 pr.
956 1387 995 1428 si
1025 1401 1106 1428 non
1135 1386 1244 1427 alios
1277 1401 1297 1428 e
1331 1387 1546 1429 contrario
1579 1388 1643 1428 in-

86 1456 303 1511 speocerint
343 1461 381 1497 et
418 1455 589 1510 quidem
629 1455 787 1511 plures,
825 1470 979 1511 corpus
1020 1456 1192 1498 animae
1233 1456 1512 1498 uindicantes.
1573 1472 1645 1499 nec

92 1526 189 1567 illos
220 1526 312 1567 dico
345 1525 466 1575 solos,
488 1526 562 1581 qui
593 1541 687 1567 eam
715 1526 765 1567 de
794 1525 1035 1582 manifestis
1057 1526 1348 1581 corporalibus
1371 1527 1580 1582 effinyunt,
1602 1533 1648 1569 ut

92 1596 377 1651 Hipparchus
408 1601 446 1637 et
467 1596 720 1638 Heraclitus
747 1610 796 1637 ea‘
816 1596 921 1651 iyni,
942 1601 990 1637 ut
1011 1595 1191 1651 Hippon
1222 1602 1260 1637 et
1280 1596 1432 1638 Thales
1453 1611 1502 1638 ecc
1523 1612 1648 1652 aqua,
1667 1610 1712 1632 20

94 1673 140 1708 ut
162 1666 438 1721 Empedocles
464 1672 501 1708 et
525 1665 687 1708 Critias
715 1681 763 1708 ew
790 1666 1008 1720 sanquine,
1033 1671 1077 1707 ut
1101 1666 1316 1721 Epicurus
1346 1681 1396 1708 ex
1427 1667 1589 1716 atomis,
1611 1667 1650 1708 si

93 1742 133 1779 et
156 1737 287 1778 atomi
309 1736 597 1791 corpulentias
618 1735 668 1778 de
690 1736 803 1778 coitu
823 1751 896 1777 suo
919 1742 1080 1791 coyunt,
1101 1742 1144 1777 ut
1168 1736 1383 1778 Critolaus
1406 1742 1443 1778 et
1467 1735 1649 1792 Peripa-

90 1806 207 1847 tetici
237 1805 329 1847 eius
359 1820 408 1847 eac
431 1806 581 1860 quinta
603 1806 739 1847 nescio
761 1821 846 1861 qua
867 1806 1117 1855 substantia,
1139 1806 1177 1847 si
1198 1812 1236 1847 et
1259 1806 1342 1847 illa
1364 1821 1525 1861 corpus,
1548 1806 1650 1861 quia

91 1890 275 1930 corpora
306 1874 510 1924 includit;
548 1875 621 1916 sed
652 1875 782 1917 etiam
812 1875 972 1918 Stoicos
1004 1875 1153 1930 alleyo,
1186 1875 1259 1931 qui
1290 1876 1493 1931 spiritum
1519 1891 1650 1930 prae-

97 1945 285 1987 dicantes
311 1945 506 1986 animam
530 1960 667 2000 paene
698 1945 1099 2001 nobiscum....Aug.
1122 1945 1188 1986 De
1225 1944 1320 1987 Ciu.
1343 1944 1427 1986 Dei
1449 1957 1572 1986 XV111
1595 1947 1648 1986 41
1671 1964 1690 1986 2
1696 1965 1715 1995 5

92 2017 153 2069 (ΙΙ
186 2017 270 2056 318
305 2017 359 2057 20
391 2030 451 2070 sq.
484 2015 730 2068 Dombart).

187 2100 227 2141 p.
252 2087 335 2127 132
365 2085 388 2126 l.
414 2087 465 2125 21
502 2097 671 2126 ATOMIS
696 2085 868 2127 Usener
897 2085 1110 2141 Epicurea
1140 2086 1187 2126 fr.
1210 2087 1295 2127 354
1324 2101 1362 2141 p.
1389 2087 1471 2127 238
1496 2087 1528 2139 )(
1549 2085 1653 2127 Lac-

102 2161 211 2197 tant.
234 2155 302 2197 De
324 2156 397 2196 Ira
420 2155 504 2196 Dei
528 2158 582 2197 10
603 2153 623 2212 ξ
646 2158 712 2196 28.

190 2240 230 2281 p.
255 2227 337 2267 132
361 2225 384 2266 l.
410 2227 463 2266 22
487 2236 732 2266 PLATONICI
754 2225 809 2266 ad
832 2231 919 2267 nat.
943 2237 977 2266 Π
1002 2228 1026 2266 2
1050 2240 1090 2281 p.
1113 2227 1166 2267 96
1191 2226 1214 2267 1.
1239 2227 1263 2267 6
1288 2225 1412 2267 Wiss.
1436 2226 1656 2268 Platonici

100 2295 275 2350 quidem
306 2301 524 2337 curantem
555 2310 699 2337 rerum
733 2301 769 2336 et
795 2295 1009 2336 arbitrum
1037 2301 1074 2336 et
1102 2295 1297 2341 iudicem,
1319 2295 1528 2350 Epicurei
1555 2296 1655 2337 otio-
1675 2317 1720 2348 30

98 2380 199 2405 sum
229 2369 267 2406 et
296 2365 572 2407 inexercitum
602 2370 651 2411 et,
684 2371 728 2414 ut
759 2365 824 2406 ita
855 2365 1049 2411 dixerim,
1081 2365 1288 2406 neminem
1297 2381 1311 2415 ,·
1337 2366 1526 2420 positum
1556 2381 1656 2407 uero

106 2439 227 2475 extra
253 2434 461 2474 mundum
501 2434 644 2484 Stoici,
675 2434 792 2475 intra
834 2434 1041 2474 mundum
1072 2433 1300 2475 Platonici.
1363 2434 1429 2475 De
1462 2434 1658 2490 Spectac.

107 2504 162 2544 30
189 2517 227 2558 p.
259 2504 312 2544 29
342 2503 364 2543 l.
402 2506 422 2543 1
450 2503 574 2545 Wiss.
597 2510 823 2558 praeterea
854 2504 1063 2558 sapientes
1094 2504 1193 2545 illos
1221 2504 1488 2559 philosophos
1514 2520 1658 2546 coram

108 2574 332 2629 discipulis
359 2573 449 2615 suis
470 2589 558 2615 una
580 2573 942 2629 conflayrantibus
970 2574 1259 2621 erubescentes,
1280 2574 1430 2629 quibus
1458 2575 1568 2615 nihil
1600 2575 1658 2616 ad

104 2643 234 2686 deum
268 2644 485 2699 pertinere
519 2643 763 2685 suadebant.
824 2644 874 2685 cf.
909 2643 1101 2699 Spencer
1132 2659 1187 2684 on
1219 2643 1338 2699 Orig.
1367 2643 1513 2687 Contr.
1546 2645 1660 2689 Cels.
1679 2663 1723 2696 35

110 2725 127 2754 Ι
150 2728 182 2754 c.
210 2715 261 2753 21
286 2728 326 2769 p.
358 2712 410 2754 17
434 2713 460 2754 l.
484 2715 538 2754 10
562 2715 723 2767 (annot.
746 2727 787 2768 p.
811 2715 914 2765 16³).
975 2713 1137 2754 Arnob.
1163 2724 1198 2753 ΙΙ
1221 2715 1275 2755 56
1300 2714 1325 2754 f.
1347 2713 1442 2756 deos
1463 2716 1660 2757 nonnulli

107 2797 196 2824 esse
218 2782 452 2837 abneyant,·
477 2798 660 2838 prorsus
689 2782 885 2824 dubitare
913 2798 954 2824 se
982 2783 1064 2823 alii
1095 2798 1151 2824 an
1182 2783 1267 2824 sint
1294 2784 1465 2838 uspiam
1494 2785 1660 2837 dicunt;

109 2852 196 2895 alii
216 2868 314 2895 uero
340 2853 534 2895 exsistere
555 2867 685 2909 neque
705 2853 896 2894 humana
917 2867 1089 2895 curare:
1121 2853 1250 2895 immo
1280 2854 1363 2895 alii
1384 2855 1604 2910 perhibent
1625 2861 1662 2898 et

1424 2941 1554 2978 29-2
