1975 3306
294 70 376 110 466
868 66 1275 108 TERTVLLIANI
1504 68 1563 122 [p.
1590 69 1672 108 138
1694 67 1722 109 l.
1748 69 1857 108 31—

382 199 420 240 p.
458 186 539 225 138
572 184 595 224 1.
629 185 681 225 31
718 193 1077 224 EXPVNGENDVM
1112 197 1143 223 c.
1179 184 1230 222 21
1266 196 1304 237 p.
1340 182 1394 223 70
1428 182 1450 223 l.
1477 184 1541 224 15.
1597 182 1720 238 Kaye
1754 182 1851 225 347.

383 270 421 311 p.
458 256 542 296 140
572 254 595 295 l.
631 256 656 294 4
690 253 814 309 Kaye
849 254 1032 295 268—9.

383 340 422 381 p.
459 326 542 366 140
575 324 598 365 l.
635 326 658 365 6
692 334 1185 364 SVBMINISTRATIONEM
1218 322 1331 364 Adu.
1366 322 1494 364 Maro.
1530 334 1579 364 lv
1613 324 1667 365 39
1697 338 1735 379 p.
1770 325 1854 364 554

213 399 217 402 ’
295 396 319 436 l.
345 398 394 436 11
423 394 498 436 Kr.
561 394 711 435 Ambr.
735 393 803 435 De
826 392 1095 450 Virginitate
1124 391 1144 450 ξ
1171 395 1254 435 100
1283 394 1579 449 peczmiarum.
1644 393 1854 435 Hexaiim.

253 483 272 514 5
296 468 320 507 5
352 463 372 522 ξ
404 467 470 507 61.
534 463 742 506 Victorin.
765 463 810 504 in
842 463 1028 520 Philipp.
1062 475 1078 504 Ι
1107 466 1172 505 15.
1236 463 1356 505 Hier.
1380 463 1426 505 in
1450 463 1559 520 Eph.
1584 475 1619 504 ΙΙ
1642 467 1694 517 (c.
1718 465 1744 505 4
1770 466 1854 517 16).

293 537 406 593 Aug.
444 534 663 577 Enehirid.
700 534 753 576 27
769 549 802 576 c.
865 534 992 591 Resp.
1032 534 1188 576 Iulian.
1223 546 1258 575 ΙΙ
1293 536 1387 577 146.
1451 534 1563 576 Iren.
1597 536 1729 591 praef.
1762 533 1781 592 g
1815 537 1854 577 3.

294 605 496 662 Fulgent.
520 620 551 646 c.
575 604 679 646 Fab.
703 605 750 646 fr.
774 606 799 646 3
822 619 861 660 p.
888 603 970 646 756
995 603 1144 660 Migne
1167 603 1244 645 bis.
1298 603 1352 645 ib.
1377 604 1423 644 fr.
1448 606 1513 645 30.
1572 604 1692 659 [Add
1711 605 1854 647 Rufin.

293 678 318 718 3
341 676 467 717 other
489 691 581 717 exx.
606 676 652 717 fr.
675 675 788 732 Aug.
812 675 857 716 in
881 673 1030 717 CSEL
1053 686 1115 715 LX
1137 674 1280 716 index,
1344 675 1394 715 A.
1411 674 1472 729 S.]

381 757 894 787 INCORRVPTIBILITATIS
938 746 1046 786 lexx.
1086 745 1195 786 have
1238 744 1338 786 this'
1370 760 1433 786 θὶς.
1477 745 1563 786 and
1605 760 1685 786 one
1729 746 1855 787 other

230 832 272 854 10
292 817 340 858 of
376 817 509 858 Tem:
547 817 629 858 add
667 816 777 858 Adu.
811 815 983 857 Valent.
1020 817 1073 856 14
1106 831 1145 872 p.
1181 817 1264 857 193
1303 815 1326 856 l.
1364 816 1388 857 6
1423 815 1498 856 Kr.
1572 815 1641 856 Ad
1675 815 1802 857 onr.
1838 827 1852 856 Ι

293 885 316 928 7
340 902 400 942 pr.
464 887 577 943 Aug.
608 901 672 942 ep.
703 888 786 927 148
822 888 872 926 11
897 901 958 942 pr.
1021 885 1088 927 De
1121 885 1324 927 Trinitat.
1359 897 1408 926 IV
1439 883 1537 941 §24
1558 885 1630 927 fin.
1693 885 1849 928 Collab.

290 972 389 998 cum
423 956 600 998 Maxim.
635 956 750 999 Max.
781 954 878 1012 §14
911 956 1030 1008 (XLII
1063 955 1146 997 732
1181 956 1205 997 l.
1241 958 1261 996 1
1299 955 1480 1011 Migne).
1544 955 1730 997 R‘dnsch.
1755 956 1850 998 217.

292 1030 312 1067 1
364 1027 454 1069 Pet.
501 1029 526 1068 3
580 1029 606 1068 4
654 1026 973 1083 (Sitzungsber.
1019 1026 1057 1068 d.
1105 1026 1248 1082 bayer.
1297 1025 1435 1067 Akad.
1490 1024 1602 1068 1876
1648 1027 1851 1080 6:30—1).

289 1096 400 1138 Iren.
449 1098 480 1152 [1
524 1099 579 1139 30
621 1095 738 1153 311.
801 1097 851 1137 A.
874 1096 937 1150 S]
989 1107 1041 1136 111
1088 1098 1138 1136 11
1178 1093 1197 1152 ξ
1239 1098 1275 1136 8.
1329 1106 1378 1135 IV
1422 1097 1476 1137 38
1514 1093 1601 1151 §4
1665 1097 1720 1137 39
1763 1093 1852 1152 §4

227 1188 267 1219 15
289 1180 319 1208 V
354 1170 377 1209 2
409 1167 429 1226 ᾗ
462 1171 497 1210 2.
542 1170 595 1210 13
627 1167 646 1225 ξ
677 1171 702 1210 3
735 1167 812 1209 bis.
876 1166 1027 1209 Claud.
1064 1168 1193 1208 Mam.
1221 1166 1302 1208 An.
1334 1178 1348 1207 Ι
1381 1168 1406 1208 3
1437 1166 1500 1208 17.
1565 1167 1689 1222 [Also
1713 1167 1850 1209 Lucis.

288 1239 459 1281 Ambst.
485 1239 627 1280 Rufin.
654 1238 796 1295 Pelag.
821 1237 1066 1294 Sulp.—Seu.
1091 1238 1232 1279 Auell.
1286 1238 1337 1278 A.
1354 1237 1416 1291 S.]

374 1325 412 1366 p.
440 1311 523 1351 140
550 1309 574 1350 l.
598 1311 624 1350 8
647 1319 849 1349 HVMANO
872 1308 920 1349 of.
944 1307 1038 1363 iqui
1059 1307 1244 1349 humano
1267 1322 1298 1348 c.
1323 1307 1377 1349 37
1402 1322 1441 1364 p.
1468 1309 1550 1349 108
1575 1308 1598 1349 l.
1623 1310 1660 1349 4.

375 1395 412 1436 p.
444 1382 523 1421 140
557 1379 580 1421 l.
607 1381 661 1421 10
694 1390 935 1420 ERVCTANS
972 1378 1085 1434 Aug.
1120 1378 1186 1420 De
1221 1377 1317 1420 Ciu.
1352 1378 1436 1419 Dei
1470 1390 1575 1419 XXII
1610 1381 1661 1420 11
1699 1394 1737 1435 p.
1763 1378 1846 1420 587

283 1450 310 1492 l.
336 1452 389 1492 16
405 1450 473 1492 D.3
494 1465 605 1492 nuuc
635 1465 736 1492 uero
768 1465 850 1492 uon
881 1450 1020 1491 solum
1050 1449 1258 1497 interris,
1279 1464 1431 1491 uerum
1456 1450 1586 1491 etiam
1615 1449 1689 1491 sub
1722 1449 1851 1491 terris

221 1536 266 1559 20
286 1522 347 1563 ita
371 1528 440 1571 est,
464 1527 509 1563 ut
530 1536 623 1563 eum
646 1527 828 1563 eructent
844 1521 1021 1562 uertices
1043 1520 1260 1562 montium.

375 1603 470 1633 NON
515 1603 716 1633 ABSVMIT
763 1591 970 1632 Prudent.
1006 1589 1251 1646 Hamartig.
1285 1592 1370 1631 838
1414 1596 1598 1646 carpunt
1640 1596 1849 1649 tormenta

273 1662 507 1718 fouentque
541 1661 769 1703 materiam
799 1661 890 1702 siue
912 1660 1002 1716 fine
1024 1659 1186 1708 (latam,
1208 1675 1323 1701 mors
1344 1659 1499 1701 (leserit
1527 1660 1624 1715 ipsa
1656 1666 1849 1702 aeternos

283 1733 465 1789 yemitus
484 1747 532 1774 ae
544 1733 696 1788 flentes
721 1732 865 1773 uiuere
886 1731 1004 1786 coyit.
1050 1729 1241 1772 Cassiod.
1261 1730 1306 1771 in
1330 1729 1484 1771 Psalm.
1512 1730 1595 1784 [20.
1614 1732 1678 1772 10.
1703 1730 1751 1772 R.
1762 1730 1848 1785 W]

287 1803 471 1845 absumit
499 1808 546 1844 ‘ut
576 1808 724 1852 seruet,
752 1802 813 1843 sic
840 1801 974 1844 seruit
1005 1807 1052 1843 ut
1083 1802 1249 1850 cruciet,
1279 1800 1531 1856 dabiturque
1559 1801 1727 1843 miseris
1759 1801 1848 1842 uita

221 1885 262 1917 25
285 1873 548 1915 immortalis
570 1878 606 1914 et
620 1887 761 1928 poena
782 1872 1009 1913 seruatrioe.

373 1959 412 2000 p.
449 1945 532 1984 140
566 1943 589 1984 l.
626 1945 676 1983 11
712 1953 895 1982 EROGAT
932 1941 1102 1997 spends.
1165 1955 1196 1981 c.
1230 1941 1287 1980 44
1320 1954 1381 1995 pr.
1414 1954 1510 1981 cum
1541 1945 1599 1981 tot
1631 1939 1736 1981 iusti
1767 1942 1848 1981 im-

279 2015 524 2071 pendimur,
557 2029 651 2056 cum
687 2018 744 2054 tut
776 2013 1013 2054 innoeentes
1044 2026 1285 2067 erogamur.
1349 2009 1511 2052 Oehler
1542 2025 1596 2051 on
1632 2009 1847 2066 Scorpiac.

286 2087 310 2128 6
343 2100 382 2141 p.
418 2087 501 2126 158
535 2084 558 2125 l.
595 2086 618 2124 2
653 2082 779 2124 Wiss.
842 2082 909 2123 De
940 2082 1127 2123 Praescr.
1159 2081 1290 2122 Haer.
1324 2082 1348 2121 2
1382 2095 1442 2136 pr.
1469 2080 1639 2136 febrem
1671 2080 1849 2136 denique

284 2156 397 2197 iuter
428 2160 584 2196 ceteros
624 2152 869 2208 mortiferos
910 2158 948 2194 et
989 2152 1225 2193 cruciarios
1267 2151 1403 2193 emitas
1437 2151 1650 2205 eroyaudo
1685 2150 1849 2192 homini

220 2243 266 2274 30
286 2226 546 2280 deputatam.
611 2222 771 2264 Minue.
815 2224 869 2263 35
912 2220 931 2278 ἓ
972 2223 998 2263 3
1047 2222 1165 2277 igmes
1207 2210 1569 2263 Aetnae'montz‘s
1610 2226 1648 2262 et
1699 2219 1849 2262 Veseui

286 2295 440 2336 montis
481 2300 518 2335 et
550 2292 796 2335 ardentium
827 2293 976 2348 ubique
1010 2297 1224 2333 terrarum
1259 2291 1460 2346 flayraut
1490 2304 1563 2331 uec
1605 2295 1846 2345 eroyautur.

286 2365 483 2406 Lactant.
508 2375 577 2404 VII
601 2365 651 2404 21
677 2361 716 2420 ἐξ
738 2365 763 2405 3
788 2379 864 2405 uon
891 2364 972 2404 erit
997 2378 1098 2404 caro
1124 2362 1218 2410 illa,
1240 2376 1370 2416 quam
1392 2360 1494 2402 deus
1516 2359 1679 2401 homini
1699 2374 1845 2414 super-

285 2436 442 2485 iecerit,
472 2435 569 2477 huic
611 2440 805 2476 terrenae
846 2433 1016 2482 similis,
1048 2432 1120 2474 sed
1151 2430 1395 2472 insolubilis
1426 2445 1475 2471 ac
1500 2444 1760 2485 permaneus
1799 2430 1842 2470 iu

287 2512 517 2554 aeteruum,
538 2510 584 2546 ‘ut
604 2504 791 2559 sufficere
816 2503 953 2558 possit
975 2501 1233 2544 cruciatibus
1253 2506 1292 2542 et
1319 2500 1412 2555 iqui
1439 2499 1704 2554 sempiterno,
1727 2500 1847 2540 cuius

220 2595 264 2626 35
290 2582 447 2618 natura
481 2575 657 2616 diuersa
691 2579 750 2615 est
786 2573 837 2615 ab
875 2572 948 2614 hoc
985 2578 1194 2613 nostra...
1243 2572 1267 2611 5
1311 2585 1398 2611 una
1439 2569 1667 2624 eademque
1708 2569 1756 2610 ui
1796 2584 1846 2611 ac

282 2646 473 2701 potentia
495 2650 532 2686 et
555 2643 756 2686 cremabit
777 2643 933 2697 impios
955 2648 991 2683 et
1020 2639 1236 2688 recreabit,
1259 2645 1295 2681 et
1317 2645 1523 2694 quantum
1553 2654 1572 2680 e
1603 2639 1847 2694 emporibus

287 2716 483 2764 absumet,
522 2721 687 2757 tantum
718 2719 889 2769 reponet
932 2727 981 2754 uc
1014 2711 1096 2753 sibi
1128 2711 1218 2766 ipse
1259 2715 1477 2751 aeteruum
1502 2708 1713 2764 pabulum
1749 2710 1843 2752 sub-

282 2783 556 2833 ministrabit,
589 2783 699 2839 quod
734 2788 884 2838 poetae
920 2782 965 2822 in
998 2781 1211 2822 uultui-em
1248 2779 1363 2833 Tityi
1394 2777 1715 2819 transtulerunt.
1777 2779 1842 2821 ita
