1975 3306
122 122 164 163 p.
191 108 292 150 781.
319 108 363 161 9]
637 108 1082 152 APOLOGETICVS
1116 112 1171 150 22
1604 112 1684 153 317

123 231 298 279 coyant:
335 231 376 266 ut
400 224 546 267 nidore
569 224 780 267 altarium
807 225 870 267 uel
887 225 1037 267 hostiis
1047 225 1260 280 pecudum
1276 225 1478 280 sayinati,
1497 225 1687 267 remissis

127 309 234 350 qusae
247 295 599 343 conso-imarumt,
618 310 787 337 curasse
807 295 1046 337 uideantur.
1080 294 1197 336 Lact.
1213 294 1314 336 Diu.
1331 294 1461 335 Instt.
1478 306 1512 335 ΙΙ
1531 294 1616 352 14ξ
1633 297 1685 337 13

124 370 161 406 et
192 365 364 407 scientes
393 365 623 407 daemonas
658 372 925 414 uenerantur,
958 366 1083 420 quasi
1115 371 1332 407 terrestres
1365 364 1461 406 deos
1493 371 1530 406 et
1561 366 1687 420 quasi

124 434 367 489 depulsores
390 435 615 484 malorum,
637 450 743 490 quae
764 436 853 490 ipsi
869 435 1049 491 faciunt
1071 441 1109 477 et
1129 436 1338 489 irrogsant.
1394 437 1446 476 15
1469 433 1488 491 ἓ
1512 437 1532 476 1
1551 435 1686 490 prool-

123 519 208 546 esse
257 505 369 547 enim
409 520 475 547 eos
509 511 679 560 putant,
717 520 812 547 cum
863 520 1005 547 nocere
1047 504 1254 554 desinunt,
1297 505 1372 560 qui
1413 504 1522 545 nihil
1565 505 1687 547 aliud
1706 523 1726 555 5

118 581 297 630 possunt
327 590 456 630 quam
489 589 641 616 nocere.
704 574 817 616 Iren.
851 586 885 615 II
919 577 971 616 31
1005 572 1025 630 ξ
1057 576 1081 614 2
1116 588 1186 616 nec
1214 575 1327 616 enim
1356 575 1489 617 caecis
1508 581 1687 630 possunt

125 645 286 686 donare
331 645 469 686 uisum
512 659 640 700 neque
679 644 826 686 surdis
867 644 1067 686 auditum
1111 659 1239 700 neque
1282 660 1422 687 omnes
1463 645 1686 687 daemones

126 715 314 770 effufflme
346 715 419 770 [he
451 716 486 757 is
513 715 726 772 speaking
754 716 801 756 of
827 716 1096 772 magici-ans}
1113 722 1289 771 praeter
1317 731 1383 758 eos
1411 717 1484 771 qui
1506 716 1557 758 ab
1579 717 1687 772 ipsis

127 785 425 834 immittemtur,
456 785 496 826 si
528 791 669 827 tamen
701 791 738 826 et
770 784 843 826 hoc
863 785 1053 839 fuciunt.
1117 784 1273 826 Euseb.
1303 784 1452 841 Praep.
1485 785 1563 826 Eu.
1597 797 1627 825 V
1661 787 1685 825 2

124 852 143 910 ἓ
167 857 187 894 1
206 853 277 895 fin.
298 853 551 910 θεραπείαις
574 871 620 895 τε
643 851 875 907 σωμάτων,
890 852 916 894 ἃ
940 852 1011 895 διὰ
1034 857 1110 906 τῆς
1129 853 1293 900 οἰκείας
1310 854 1453 897 αὐτῶν
1470 854 1686 910 ἐνεργείας
1708 874 1751 897 10

125 924 303 980 ἀφανῶς
334 925 461 967 αὐτοὶ
488 923 816 979 λυμαινόμενοι,
849 924 992 966 πάλιν
1022 923 1063 966 οἱ
1094 924 1221 966 αὐτοὶ
1249 924 1321 966 διὰ
1358 929 1434 979 τῆς
1467 925 1516 979 ἐξ
1543 926 1687 968 αὐτῶν

123 994 312 1039 α’νέσεως
346 993 604 1051 ἐλευθέρους
637 995 795 1037 παθῶν
826 994 1031 1051 ἠφίεσαν.
1093 995 1312 1051 Athenag.
1347 997 1401 1037 23
1435 995 1484 1038 τὸ
1516 996 1596 1049 μὲν
1631 994 1681 1048 δὴ

124 1066 239 1108 κατὰ
273 1065 437 1111 τόπους
471 1066 545 1108 καὶ
582 1064 736 1110 πόλεις
769 1066 843 1107 καὶ
875 1065 977 1116 ἔθνη
1010 1064 1219 1118 γίνεσθαί
1250 1084 1372 1111 τινας
1405 1065 1472 1109 ἐπ’
1506 1066 1685 1121 ὀνόματι

125 1136 317 1179 εἰδώλων
350 1135 567 1191 ἐνεργείας
600 1135 686 1178 οὐδ’
720 1137 842 1190 ἡμεῖς
874 1135 1185 1189 ἀντιλέγομεν·
1231 1135 1280 1178 ου’
1313 1136 1410 1189 μήν,
1445 1136 1481 1178 εἰ
1514 1136 1685 1192 ὠφελή-

127 1206 272 1258 θησάν
306 1224 417 1249 τινες
451 1206 526 1248 καὶ
562 1206 616 1249 αὖ
646 1205 940 1259 ἐλυπήθησαν
963 1205 1113 1263 ἕτεροι,
1146 1206 1269 1252 θεοὺς
1293 1210 1472 1261 νοοῦμεν
1495 1207 1595 1254 τοὺς
1619 1206 1686 1259 ἐφ’
1707 1223 1748 1254 15

125 1277 311 1333 ἑκάτερα
343 1276 678 1333 ἐνεργήσαντας.
742 1276 867 1333 Diog.
898 1276 1040 1318 Laert.
1075 1288 1163 1317 VIII
1189 1277 1207 1334 ξ
1237 1279 1291 1319 32
1322 1277 1547 1334 (Pythag.)
1574 1277 1686 1321 εἶναί

126 1365 173 1389 τε
207 1346 354 1389 πάντα
386 1345 460 1389 τὸν
492 1344 601 1402 ἀέρα
632 1348 801 1404 ψυχῶν
834 1346 1059 1399 ἔμπλεων·
1095 1348 1169 1388 καὶ
1201 1346 1367 1392 ταύτας
1399 1346 1610 1400 δαίμονάς
1639 1366 1685 1390 τε

125 1417 200 1459 καὶ
224 1415 367 1472 ἥρωας
391 1417 702 1471 ὀνομάζεσθαι·
738 1417 811 1459 καὶ
841 1416 927 1459 ὑπὸ
956 1416 1124 1459 τούτων
1151 1416 1412 1472 πέμπεσθαι
1435 1416 1686 1474 ἀνθρώποις

124 1485 224 1532 τούς
247 1487 282 1528 τ’
306 1485 496 1542 ὀνείρους
526 1486 597 1529 καὶ
628 1486 681 1528 τὰ
712 1490 874 1541 σημεῖα
905 1486 1038 1529 νόσου
1064 1505 1111 1528 τε
1133 1487 1209 1529 καὶ
1233 1486 1410 1542 ὑγιείας.
1476 1488 1682 1544 Porphyr.

126 1557 192 1598 De
215 1557 339 1599 Abst.
363 1569 397 1598 ΙΙ
420 1558 557 1611 43(.2).
612 1557 746 1600 Clem.
778 1558 906 1598 Hom.
934 1569 986 1598 IX
1010 1559 1074 1599 16.
1101 1560 1165 1606 18.
1219 1557 1282 1601 Cf.
1307 1559 1421 1600 Tert.
1446 1558 1512 1600 De
1537 1559 1682 1601 Aniln.
1704 1574 1750 1597 20

126 1630 149 1670 9
182 1643 221 1684 p.
254 1630 339 1670 310
372 1628 395 1669 l.
422 1630 484 1683 23
517 1627 641 1669 ᾪἮεε.
675 1628 722 1669 of
758 1628 833 1669 the
868 1627 1112 1669 Montanist
1148 1628 1416 1684 prophetes-s,
1450 1629 1684 1671 medicinas

126 1698 462 1740 desiderantibus
493 1698 711 1740 submittit.

214 1784 253 1824 p.
285 1769 339 1810 78
367 1769 391 1810 l.
424 1768 445 1810 7
480 1769 539 1810 Io.
565 1768 778 1810 Sarisbur.
810 1768 1007 1810 Policrat.
1043 1781 1092 1809 VI
1129 1771 1183 1809 24
1215 1784 1255 1824 p.
1279 1768 1383 1811 623ἀ
1414 1770 1481 1823 (of
1506 1771 1682 1826 presby-

127 1844 214 1880 ἵει-ε
243 1839 329 1880 and
361 1838 594 1890 cardinals)
627 1844 771 1880 nocent
797 1839 969 1893 saepius
999 1845 1036 1880 et
1064 1839 1108 1879 in
1131 1854 1176 1881 eo
1199 1839 1422 1881 daemones
1443 1840 1684 1891 imitantur,

127 1909 235 1963 quod
258 1915 355 1951 tunc
372 1909 573 1964 prodesse
588 1914 803 1964 putantur
826 1923 919 1950 cum
940 1924 1084 1951 nocere
1106 1909 1321 1951 desistunt.
1704 1920 1747 1952 25

214 1995 253 2036 p.
290 1979 343 2021 78
380 1980 403 2021 l.
440 1982 463 2022 9
508 1990 849 2021 PHANTASMATA
881 1990 1241 2021 CASTORVM...ET
1278 1991 1443 2021 NAVEM
1480 1992 1682 2023 CINGVLO

127 2061 378 2090 PROMOTAM
420 2050 580 2091 Minue.
608 2049 630 2091 7
654 2048 673 2106 ξ
695 2052 720 2091 3
753 2050 868 2091 testis
899 2055 1038 2092 mater
1068 2049 1222 2100 Idaea,
1255 2065 1360 2105 quae
1392 2051 1576 2092 aduentu
1608 2067 1682 2094 suo

127 2125 164 2160 et
191 2119 394 2174 probauit
415 2125 638 2161 matronae
666 2120 903 2161 castitatem
926 2126 963 2161 et
984 2120 1128 2161 urbem
1154 2126 1266 2162 metu
1287 2120 1433 2162 hostili
1455 2121 1682 2163 liberauit:

127 2195 246 2231 testes
288 2189 543 2243 equestrium
574 2189 777 2244 fratrum
818 2189 864 2229 in
907 2189 1016 2239 lacu,
1057 2189 1165 2230 sicut
1206 2189 1483 2239 ostenderant,
1518 2196 1683 2233 statuae

126 2264 401 2306 consecratae,
424 2259 496 2313 qui
527 2258 689 2300 anhelis
720 2258 1017 2313 spumantibus
1048 2258 1164 2313 equis
1195 2264 1317 2313 atque
1339 2258 1611 2313 fumantibus
1633 2261 1683 2303 de
1702 2277 1747 2308 30

125 2328 257 2370 Perse
278 2328 505 2370 uictoriam
527 2328 674 2369 eadem
695 2329 764 2370 die
786 2343 870 2383 qua
880 2328 1080 2383 fecerant
1103 2328 1416 2369 nuntiauerunt.
1469 2328 1526 2371 ib.
1549 2328 1601 2370 27
1620 2327 1639 2386 ἓ
1655 2332 1682 2371 4

126 2397 175 2439 de
211 2398 318 2452 ipsis
362 2397 669 2452 [daemonibus]
712 2398 842 2438 etiam
878 2397 960 2437 illa
992 2411 1099 2451 quae
1132 2396 1286 2451 paullo
1328 2403 1424 2439 ante
1459 2397 1536 2439 tibi
1567 2398 1683 2441 diota

125 2473 328 2508 szznt...ut
343 2476 454 2508 'cum
485 2467 602 2521 equis
635 2466 829 2508 Castores
860 2466 1119 2516 uiderentur,
1143 2472 1186 2507 ut
1214 2466 1430 2521 cinyulum
1461 2473 1683 2511 matronae

129 2537 331 2578 nauicula
351 2542 600 2591 sequeretur.
653 2535 771 2576 Lact.
796 2534 896 2576 Diu.
920 2535 1027 2576 Inst.
1051 2546 1086 2575 II
1111 2535 1133 2576 7
1156 2534 1175 2591 ξ
1198 2537 1222 2576 9
1245 2534 1400 2577 Castor
1421 2537 1506 2577 and
1529 2538 1682 2579 Pollux

125 2612 171 2646 at
200 2605 420 2647 Iuturna's
452 2605 548 2646 lake
581 2605 626 2645 in
658 2605 733 2645 the
765 2604 898 2645 Latin
928 2619 1024 2645 war.
1086 2604 1182 2660 §10
1213 2604 1260 2645 in
1291 2605 1366 2646 the
1398 2605 1682 2648 Macedonian
1702 2621 1745 2653 35

126 2690 223 2717 war.
285 2674 347 2717 Cf.
382 2674 468 2717 Cic.
501 2674 568 2716 De
603 2674 705 2715 Nat.
741 2673 867 2715 Deor.
903 2685 938 2714 ΙΙ
974 2673 994 2729 ξ
1027 2675 1051 2715 6
1085 2673 1242 2727 (both).
1316 2673 1433 2716 Lact.
1466 2686 1502 2715 Π
1536 2674 1559 2716 7
1594 2674 1613 2732 ξ
1645 2678 1681 2718 9.

127 2743 219 2785 Val.
253 2743 366 2785 Max,
399 2755 415 2784 Ι
451 2747 475 2783 8
515 2747 537 2783 1
574 2743 659 2783 and
698 2745 753 2783 2?
829 2742 940 2784 Flor.
973 2754 989 2782 Ι
1028 2745 1092 2783 11.
1126 2753 1161 2782 ΙΙ
1201 2745 1265 2783 12.
1342 2743 1476 2799 Bayle
1513 2759 1682 2787 oeuvres

75 2807 78 2810 ’
127 2824 182 2853 111
223 2814 316 2854 282.
380 2823 606 2854 CASTORES
644 2811 831 2852 Kuhner
866 2811 945 2853 vol.
989 2822 1024 2851 11
1060 2826 1100 2867 p.
1135 2813 1190 2853 50
1226 2827 1266 2853 n.
1300 2814 1336 2854 2.
1399 2812 1462 2855 Cf.
1498 2811 1684 2870 ἀδελφοί
