1975 3306
247 196 302 235 46
829 185 1235 228 TERTVLLIANI

244 323 335 350 non
351 307 504 357 colitis,
522 304 757 347 offenditis.
819 301 1038 343 Praelatio
1054 300 1234 341 alterius
1248 299 1339 341 sine
1354 299 1534 340 alterius
1548 297 1814 340 contumelia

244 401 336 428 non
361 390 508 441 potest
534 382 778 439 procedere,
807 380 910 435 quia
935 394 1014 420 nec
1040 378 1192 420 electio
1218 378 1311 419 sine
1334 377 1655 433 reprobatione.
1716 375 1814 417 Iam

246 479 347 519 ergo
380 461 662 504 contemnitis
693 474 803 515 quos
838 457 1097 513 reprobatis,
1131 471 1241 512 quos
1278 455 1555 511 reprobando
1594 454 1814 495 offendere

246 558 334 584 non
355 541 533 583 timetis.
595 539 724 589 Nam,
742 543 792 579 ut
810 552 942 592 supra
958 535 1334 591 praestrinximus,
1351 539 1497 576 status
1515 534 1584 575 dei
1604 534 1813 588 cuiusque

243 621 291 662 in
316 624 495 661 senatus
519 617 827 659 aestimatione
852 614 1088 670 pendebat.
1149 613 1271 654 Deus
1293 627 1381 654 non
1407 617 1502 654 erat
1525 626 1656 667 quem
1682 612 1812 653 homo
1833 625 1853 656 5

246 702 472 743 consultus
507 699 718 741 noluisset
752 702 797 738 et
830 696 1019 738 nolendo
1054 695 1322 737 damnasset.
1383 694 1660 735 Domesticos
1694 693 1810 737 deos.

247 798 356 839 quos
392 782 524 823 Lares
559 780 716 830 dicitis,
754 779 996 820 domestica
1031 782 1255 832 potestate
1289 776 1493 818 tractatis
1528 775 1810 831 pignerando,

244 863 531 912 uenditando‚
564 860 837 902 demutando
867 858 1105 914 aliquando
1134 857 1179 899 in
1209 857 1495 898 caccabulum
1524 857 1578 897 de
1607 856 1811 905 Saturno,

245 945 484 1001 aliquando
515 945 560 985 in
592 943 770 985 trullam
802 942 856 983 de
888 941 1098 991 Minerua,
1132 945 1184 982 ut
1215 940 1401 996 quisque
1431 939 1648 981 contritus
1679 944 1813 993 atque

246 1033 457 1069 contusus
484 1031 562 1075 est,
592 1025 699 1066 dum
726 1024 802 1065 diu
829 1023 999 1072 colitur,
1029 1027 1080 1063 ut
1107 1021 1292 1076 quisque
1318 1020 1523 1062 dominus
1549 1019 1812 1061 sanctiorem
1837 1036 1879 1058 10

247 1114 454 1164 expertus
476 1113 541 1148 est
562 1106 850 1147 domesticam
871 1103 1193 1145 necessitatem.
1254 1101 1459 1144 Publicos
1479 1115 1617 1156 aeque
1638 1100 1813 1156 publico

242 1191 337 1231 iure
372 1189 573 1237 foedatis
612 1202 721 1242 quos
755 1187 800 1228 in
836 1185 1029 1227 hastario
1064 1183 1301 1239 uectigales
1336 1183 1522 1225 habetis.
1584 1183 1653 1224 Sic
1688 1182 1811 1238 Capi-

246 1271 416 1320 tolium,
440 1270 500 1311 sic
522 1270 745 1311 olitorium
768 1269 911 1310 forum
934 1267 1123 1322 petitum
1162 1266 1243 1307 sub
1267 1266 1420 1307 eadem
1442 1279 1550 1306 uoce
1571 1264 1810 1320 praeconis,

245 1353 326 1395 sub
358 1353 511 1394 eadem
541 1352 682 1401 hasta,
714 1351 795 1392 sub
827 1350 979 1391 eadem
1009 1348 1299 1390 adnotatione
1328 1347 1574 1403 quaestoris
1603 1347 1813 1388 diuinitas

246 1435 425 1476 addicta
471 1433 745 1475 conducitur.
818 1431 903 1473 Sed
943 1431 1058 1472 enim
1098 1430 1189 1485 agri
1229 1429 1398 1471 tributo
1438 1429 1585 1471 onusti
1624 1428 1810 1479 uiliores,
1835 1445 1878 1477 15

245 1516 475 1557 hominum
515 1514 662 1569 capita
701 1512 921 1568 stipendio
961 1525 1090 1552 censa
1128 1509 1386 1566 ignobiliora
1427 1512 1548 1563 (nam
1588 1509 1670 1551 hae
1708 1515 1813 1551 sunt

245 1603 378 1638 notae
403 1595 711 1651 captiuitatis),
740 1594 808 1635 dei
833 1607 937 1634 uero
964 1592 1038 1647 qui
1064 1592 1202 1646 magis
1228 1591 1463 1641 tributarii,
1491 1591 1630 1646 magis
1655 1591 1809 1640 sancti,

242 1679 380 1719 immo
404 1678 478 1733 qui
502 1677 640 1732 magis
662 1675 816 1725 sancti,
842 1674 980 1727 magis
1002 1673 1239 1715 tributarii.
1300 1672 1507 1714 Maiestas
1530 1672 1809 1727 quaestuaria

245 1760 444 1801 efficitur.
506 1759 670 1801 Circuit
706 1771 929 1812 cauponas
964 1755 1112 1811 religio
1149 1755 1416 1796 mendicans.
1478 1754 1666 1809 Exigitis
1702 1768 1810 1794 mer-

246 1842 397 1883 cedem
424 1856 502 1897 pro
530 1841 621 1883 solo
649 1839 816 1894 templi,
846 1853 924 1894 pro
952 1838 1078 1879 aditu
1105 1837 1228 1879 sacri.
1290 1837 1391 1878 Non
1417 1837 1520 1878 licet
1546 1837 1650 1878 deos
1677 1836 1811 1891 gratis
1833 1852 1878 1874 20

241 1937 394 1972 nosse;
440 1922 617 1964 uenales
644 1926 761 1962 sunt.
825 1920 940 1970 Quid
968 1919 1146 1960 omnino
1175 1918 1232 1959 ad
1260 1917 1540 1959 honorandos
1567 1931 1640 1958 eos
1667 1917 1812 1958 facitis

246 2004 366 2059 quod
401 2018 486 2045 non
526 2003 660 2044 etiam
697 2001 882 2042 mortuis
917 1999 1075 2041 uestris
1111 1998 1374 2040 conferatis?
1437 1998 1579 2039 Aedes
1614 1997 1809 2052 proinde,

245 2099 343 2126 aras
372 2084 566 2139 proinde.
629 2083 754 2124 Idem
783 2081 962 2123 habitus
991 2086 1034 2121 et
1061 2079 1248 2135 insignia
1274 2079 1319 2120 in
1348 2079 1521 2120 statuis.
1582 2078 1646 2120 Ut
1674 2083 1809 2123 aetas,

247 2172 298 2208 ut
333 2181 414 2216 ars,
453 2171 504 2207 ut
538 2165 763 2220 negotium
800 2163 962 2205 mortui
998 2162 1096 2212 fuit,
1133 2162 1197 2203 ita
1233 2161 1341 2203 deus
1376 2166 1454 2202 est.
1533 2160 1628 2210 Quo
1664 2159 1810 2200 differt

247 2248 302 2289 ab
340 2248 467 2302 epulo
503 2247 623 2287 Iouis
659 2245 949 2287 silicernium?
1005 2258 1030 2284 a
1066 2242 1254 2297 simpulo
1291 2242 1434 2283 obba?
1489 2242 1545 2282 ab
1582 2240 1810 2294 haruspice
1831 2258 1874 2289 25

248 2327 505 2382 pollinctor?
569 2326 685 2367 Nam
726 2330 771 2366 et
810 2325 1029 2378 haruspex
1070 2322 1256 2364 mortuis
1296 2326 1493 2377 apparet.
1557 2320 1641 2362 Sed
1681 2320 1810 2375 digne

244 2408 586 2462 imperatoribus
613 2406 833 2448 defunctis
863 2406 1072 2446 honorem
1101 2403 1350 2444 diuinitatis
1377 2402 1546 2452 dicatis,
1578 2401 1738 2456 quibus
1766 2406 1810 2441 et

247 2489 501 2530 uiuentibus
542 2503 640 2529 eum
682 2487 898 2529 addicitis.
960 2485 1154 2538 Accepto
1194 2483 1337 2524 ferent
1376 2482 1444 2524 dei
1484 2482 1632 2532 uestri,
1674 2482 1809 2522 immo

247 2567 601 2621 gratulabuntur,
647 2566 766 2620 quod
809 2579 935 2620 pares
977 2563 1037 2604 eis
1079 2562 1191 2603 fiant
1232 2561 1398 2603 domini
1441 2560 1520 2602 sui.
1581 2560 1667 2602 Sed
1709 2574 1807 2601 cuni

246 2647 531 2687 Larentinam
582 2646 806 2700 publicum
858 2650 1065 2691 scortum,
1118 2642 1250 2684 uelim
1300 2641 1448 2683 saltim
1498 2640 1679 2682 Laidem
1730 2646 1809 2682 aut
1829 2657 1875 2688 30

248 2728 467 2781 Phrynen>
507 2727 621 2767 inter
659 2727 849 2767 Iunones
888 2731 932 2767 et
969 2725 1141 2766 Cereres
1179 2728 1224 2764 et
1260 2723 1427 2764 Dianas
1464 2721 1668 2768 adoretis,
1709 2735 1808 2762 cuni

247 2809 469 2851 Simonem
508 2808 685 2862 Magum
723 2813 873 2849 statua
913 2812 956 2848 et
992 2804 1276 2860 inscriptione
1314 2803 1463 2846 Sancti
1501 2802 1581 2844 Dei
1626 2802 1806 2857 inaugu-

246 2889 367 2939 ratis,
405 2904 505 2929 cum
540 2889 593 2929 de
630 2889 908 2944 paedagogiis
943 2887 1094 2929 aulicis
1128 2886 1272 2927 nescio
1309 2899 1439 2941 quem
1479 2884 1636 2940 synodi
1676 2884 1808 2925 deum
