1975 3306
160 148 203 190 p.
228 134 332 177 281.
362 135 429 188 10]
651 133 1097 176 APOLOGETICVS
1130 134 1167 184 7,
1203 135 1228 175 8
1647 135 1726 175 193

160 249 437 305 simplicitate
469 249 660 299 sortitur,
687 249 735 290 in
764 264 888 290 usum
914 263 997 303 per
1025 248 1326 290 successionem
1358 248 1659 290 corroboratur
1689 254 1728 291 et

160 320 225 361 ita
246 319 454 361 aduersus
475 320 701 362 ueritatem
724 320 986 361 ‘uindicatur

249 405 288 446 p.
308 392 363 432 28
386 391 409 432 l.
428 392 455 431 4
472 402 621 439 VSQVE
640 402 801 432 ADHVC
820 390 962 432 Plaut.
981 391 1076 432 Ter.
1130 390 1314 431 Bunem.
1333 404 1389 431 on
1406 389 1524 431 Lach.
1544 401 1598 430 111
1616 391 1642 431 8
1659 390 1725 431 30.

250 473 461 503 PROBARE
494 473 590 503 NON
622 473 796 503 VALVIT
827 461 881 502 ad
915 461 1039 517 Scap.
1067 463 1093 501 4
1116 461 1141 502 f.
1171 462 1229 517 (p.
1262 461 1356 502 549.
1387 461 1433 513 8)
1462 459 1573 515 quod
1603 459 1728 501 aliud

163 532 373 587 neqotium
403 533 572 587 patitur
606 531 890 581 Christianus,
923 531 1008 572 uisi
1039 545 1143 572 suae
1173 535 1319 580 sectae,
1350 545 1481 585 quam
1511 530 1726 581 incestam,
1745 545 1765 576 5

161 617 290 657 quam
312 602 525 645 crudelem
547 608 663 644 tanto
686 608 870 657 tempore
892 617 1010 643 izemo
1026 600 1242 657 probauit.

251 683 398 713 FIDEM
425 683 644 714 NATVRAE
673 683 818 713 IPSIVS
846 671 941 713 infr.
975 686 1014 727 p.
1047 672 1100 712 28
1133 670 1157 712 l.
1192 672 1258 712 20.
1321 669 1479 713 lustin.
1502 685 1535 711 c.
1565 670 1725 727 Tryph.

165 744 218 784 10
255 758 294 799 p.
334 741 439 784 227¹)
478 742 538 797 μὴ
583 742 657 785 καὶ
702 742 820 793 ὑμεῖς
862 740 1198 784 πεπιστεύκατε
1240 741 1344 796 περὶ
1386 741 1520 793 ἡμῶν,
1563 739 1630 782 ὅτι
1674 739 1726 794 δὴ

163 813 367 868 ἐσθίομεν
401 813 665 870 ἀνθρώπους
707 813 782 855 καὶ
816 810 926 867 μετὰ
966 811 1045 865 τὴν
1086 810 1323 863 εἰλαπίνην
1364 810 1725 864 ἁποσβεννύντες

162 883 263 930 τοὺς
305 883 499 942 λύχνους
542 883 751 939 ἀθέσμοις
793 884 972 937 μίξεσιν
1021 882 1330 938 ἐὙκυλιόμεθα,
1372 881 1399 936 ἢ
1441 881 1549 924 αὐτὸ
1592 884 1724 924 τοῦτο
1745 900 1788 922 10

163 955 555 1010 καταὙιΎνώσκετε
587 955 708 1009 ἡμῶν
738 953 882 1008 μόνον,
911 953 980 996 ὅτι
1015 952 1229 997 τοιούτοις
1261 953 1546 1009 προσέχομεν
1572 951 1725 1008 λόγοις

163 1025 235 1067 καὶ
279 1025 360 1067 οὐκ
399 1025 567 1078 ἀληθεῖ,
604 1026 660 1072 ὡς
702 1025 863 1076 οἴεσθε,
896 1025 1168 1078 πιστεύομεν
1201 1023 1332 1080 δόξῃ;
1376 1022 1506 1066 τοῦτό
1545 1024 1670 1066 ἐστιν
1704 1023 1725 1066 ὃ

163 1095 454 1149 θαυμάζομεν,
490 1094 573 1152 ἔφη
609 1094 629 1138 ὁ
666 1096 871 1152 Τρύφων,
906 1094 1010 1151 περὶ
1045 1093 1089 1136 δὲ
1125 1094 1184 1136 ὧν
1222 1093 1264 1136 οἱ
1300 1092 1468 1135 πολλοὶ
1501 1091 1724 1148 λέγουσιν,

164 1166 214 1208 οὐ
256 1169 501 1209 πιστεῦσαι
543 1164 685 1220 ἄξιον·
730 1165 882 1222 πόρρω
924 1164 1010 1222 γὰρ
1054 1164 1281 1221 κεχώρηκε
1324 1167 1400 1216 τῆς
1444 1161 1725 1219 ἀνθρωπίνης

163 1236 347 1289 φύσεως.
410 1237 459 1278 cf.
494 1252 549 1278 on
580 1237 704 1278 these
736 1236 916 1292 charges
947 1234 1101 1277 Jusiin
1133 1234 1241 1290 apol.
1275 1245 1291 1274 Ι
1331 1235 1384 1275 26
1422 1248 1461 1274 n.
1506 1235 1559 1275 29
1604 1233 1722 1275 Otto.
1745 1249 1785 1280 15

163 1307 323 1349 Minuc.
352 1310 406 1349 :30
434 1306 453 1364 ξ
486 1311 507 1348 1
542 1323 662 1350 izemo
695 1307 767 1349 lzoc
795 1312 932 1362 potest
964 1306 1143 1354 credere,
1164 1305 1252 1346 uisi
1285 1305 1358 1360 qui
1390 1310 1526 1360 potest
1554 1304 1724 1346 audere.

163 1378 348 1431 Quintil.
371 1391 420 1420 IV
449 1382 473 1420 2
504 1381 557 1420 52
591 1378 809 1421 credibilis
844 1383 985 1420 autem
1023 1378 1104 1419 erit
1136 1376 1336 1418 'ncirratio
1370 1382 1466 1417 aute
1499 1376 1654 1426 omnia,
1686 1377 1725 1417 si

157 1450 285 1505 prius
313 1450 649 1492 consuluerimus
683 1455 872 1491 nostrum
903 1449 1109 1498 animum,
1133 1463 1181 1489 ne
1204 1447 1306 1503 quid
1328 1453 1511 1489 naturae
1532 1447 1726 1489 dicamus

163 1519 406 1561 aduersum.

818 1664 923 1708 CAP.
958 1665 1074 1706 VIII

251 1807 290 1848 p.
316 1794 370 1832 28
394 1791 418 1832 l.
444 1790 466 1832 7
492 1802 607 1832 ECCE
629 1797 709 1832 cet.
772 1791 821 1832 cf.
844 1791 899 1832 ad
920 1797 1009 1832 nab.
1033 1803 1049 1832 Ι
1074 1790 1095 1832 7
1120 1806 1158 1847 p.
1185 1790 1239 1832 70
1264 1793 1316 1833 19
1341 1790 1466 1832 VViss.
1530 1789 1723 1847 Chargcs
1745 1810 1789 1832 20

163 1863 383 1904 unknown
405 1867 450 1903 bo
473 1861 600 1917 Cypr.
619 1861 674 1902 ad
697 1861 1045 1911 Demetri-anum,
1068 1861 1171 1902 Arn.
1191 1861 1309 1903 Lact.
1363 1860 1417 1901 1n
1440 1860 1514 1902 the
1538 1860 1660 1917 reign
1683 1862 1730 1902 of

163 1932 378 1974 Maximin
399 1948 425 1973 a
447 1932 616 1973 Roman
638 1932 916 1973 commandcr
936 1938 982 1973 ab
1005 1931 1245 1973 Damascus
1268 1932 1388 1983 (ΕΗΒ.
1408 1932 1446 1972 h.
1466 1946 1498 1972 c.
1523 1943 1574 1972 IX
1598 1934 1622 1972 5
1645 1929 1724 1988 ξ2)

163 2003 305 2045 seized
327 2003 492 2044 certain
514 2002 771 2044 abandoned
788 2017 955 2043 women
976 2002 1062 2043 and
1084 2003 1142 2058 by
1159 2002 1306 2044 thre-at
1328 2002 1375 2043 of
1391 2008 1559 2043 horburc
1582 2002 1723 2043 forced

164 2074 286 2115 them
316 2079 361 2115 to
383 2074 561 2122 confess,
583 2088 628 2114 as
651 2073 704 2114 he
734 2072 940 2121 dictated,
964 2073 1019 2117 ὡς
1050 2071 1103 2125 δὴ
1133 2073 1287 2125 εἴησάν
1316 2090 1425 2114 ποτε
1453 2072 1723 2126 Χριστιαναὶ

166 2143 402 2186 συνειδεῖεν
425 2162 471 2186 τε
494 2144 644 2189 αὐτοῖς
669 2141 1008 2199 ἀθεμιτουρὙίας
1031 2144 1099 2197 (cf.
1122 2158 1162 2184 n.
1185 2157 1240 2183 on
1261 2157 1293 2183 c.
1318 2144 1342 2181 2
1365 2156 1403 2197 p.
1429 2144 1511 2184 156
1534 2142 1558 2183 1.
1583 2144 1671 2195 36).
1743 2162 1785 2193 25

252 2228 290 2270 p.
315 2216 369 2255 28
391 2214 415 2254 l.
440 2216 465 2254 8
488 2224 685 2253 INTERIM
708 2215 759 2253 21
791 2227 830 2268 p.
855 2212 908 2254 70
940 2212 962 2254 7
993 2213 1168 2268 recipite
1190 2212 1365 2254 iuterim
1385 2211 1493 2253 hanc
1504 2211 1722 2268 fabulam,

164 2284 267 2325 dum
289 2284 558 2342 ostendimus.
622 2283 739 2339 Orig.
763 2298 794 2324 c.
819 2282 929 2325 Cels.
952 2295 1003 2324 VI
1027 2284 1079 2324 27
1100 2283 1123 2324 f.

252 2368 291 2409 p.
316 2355 370 2393 28
392 2353 416 2394 l.
442 2355 496 2394 10
514 2363 628 2392 VENI
651 2358 730 2393 cet.
783 2352 832 2392 cf.
856 2352 910 2392 ad
933 2358 1020 2393 nat.
1040 2364 1055 2392 Ι
1082 2351 1104 2393 7
1129 2367 1167 2407 p.
1193 2351 1247 2393 70
1272 2354 1324 2392 25
1349 2350 1474 2392 Wiss.
1529 2349 1723 2392 Saluian.

165 2433 214 2462 IV
236 2420 256 2478 ξ
277 2423 330 2462 85
354 2421 534 2476 denique
562 2436 689 2476 quam
713 2435 854 2476 praue
876 2436 926 2463 ac
953 2420 1121 2477 'nefarie
1141 2421 1310 2475 paqani
1330 2435 1494 2475 semper
1514 2420 1564 2461 de
1585 2421 1722 2462 sacris

164 2491 391 2532 dominicis
424 2490 590 2545 opinati
624 2490 721 2539 siut,
757 2489 902 2531 docent
928 2495 1249 2545 persecutorum
1284 2489 1540 2530 immanium
1574 2504 1719 2531 cruen-
1740 2511 1786 2542 30

166 2561 357 2602 tissimae
397 2561 670 2615 quaestiones,
707 2559 781 2614 qui
815 2561 862 2599 in
901 2559 1130 2615 sacrificiis
1165 2558 1413 2601 christianis
1449 2559 1559 2600 m‘hz't
1596 2559 1719 2600 aliud

166 2645 296 2685 quam
324 2631 499 2685 impura
527 2629 739 2684 quaedam
761 2629 865 2683 fieri
896 2634 1020 2683 atque
1050 2628 1339 2670 abominaiida
1370 2628 1603 2670 credebant.
1663 2629 1719 2669 si—

164 2699 334 2755 quidem
366 2699 495 2741 etiam
527 2699 655 2740 initia
687 2700 785 2753 ipsa
817 2705 986 2740 nostrae
1016 2699 1239 2753 reliqionis
1273 2714 1355 2740 ηοη
1386 2699 1472 2740 uisi
1503 2713 1530 2740 a
1562 2699 1721 2741 duobus

101 2807 103 2809 ,
163 2768 351 2810 ‘maxime
370 2768 645 2824 facinoribus
673 2767 782 2809 oriri
811 2767 1147 2815 cwbitrabantur,
1171 2768 1367 2822 primum
1397 2768 1555 2809 scilicet
1586 2767 1718 2809 homi-

165 2837 288 2886 cidio,
317 2837 478 2887 deiude,
506 2836 616 2892 quod
643 2836 872 2878 homicidio
898 2843 958 2878 est
982 2837 1179 2891 grauius,
1200 2836 1370 2885 incestu,
1391 2851 1464 2878 uec
1491 2836 1719 2879 homicidio
1741 2851 1786 2882 35

279 2934 319 2959 M.
342 2934 377 2959 Τ.
1562 2923 1610 2959 13
