1975 3306
277 91 361 132 402
853 89 1262 132 TERTVLLIANI
1484 91 1544 149 [p.
1574 91 1704 134 1161.
1734 94 1842 133 10—

277 207 543 249 Christianos
578 206 811 262 culparunt
840 212 995 261 qeiztes,
1018 212 1055 248 et
1086 206 1338 262 quicumque
1363 207 1586 263 sapiebant
1611 223 1717 263 quae
1738 223 1840 263 qen-

275 279 382 320 tz'um
418 284 514 319 sunt
529 293 542 327 ;
594 277 667 318 sed
698 283 736 319 et
761 277 1112 333 pestilentiarum
1143 292 1296 319 causas
1337 278 1395 320 ad
1429 278 1591 320 Christi
1621 278 1840 320 ecclesiam

274 348 536 390 rettulerunt.
600 347 758 389 scimus
789 353 931 389 autem
960 353 998 389 et
1018 347 1137 403 apud
1159 362 1233 390 nos
1255 354 1394 390 terrae
1415 354 1576 390 motum
1596 348 1771 404 factum
1792 347 1840 389 in

274 420 376 461 locis
419 418 688 474 quibusdam,
726 423 764 459 et
789 417 939 473 factas
960 416 1115 473 ,fuisse
1148 417 1361 472 quasdam
1394 418 1557 467 ruinas,
1589 418 1652 459 ita
1688 424 1729 459 ut
1765 417 1840 473 qui

231 502 252 534 5
272 496 396 532 erant
427 490 556 545 impii
586 495 707 531 eoetra
730 489 866 544 fidem
899 503 1077 530 causam
1109 494 1249 530 terrae
1277 495 1414 530 motus
1445 489 1633 531 dicerent
1656 488 1836 530 Christi-

272 575 386 608 anos,
423 565 603 615 propter·
644 559 754 614 quod
796 565 833 600 et
873 559 1181 614 persecutiones
1217 574 1375 614 passae
1416 565 1516 601 sunt
1556 559 1764 608 ecclesiae,
1798 564 1837 600 et

269 631 464 673 incensae
505 636 613 672 sunt.
677 646 759 672 non
800 630 939 671 solum
981 636 1123 672 autem
1164 631 1248 680 illi,
1284 631 1358 672 scd
1393 637 1432 672 et
1472 630 1547 686 qui
1577 629 1836 671 uidebantur

264 701 509 756 prudente&
542 701 652 742 talia
693 701 739 741 in
779 700 948 756 publico
991 701 1187 750 dicerent,
1219 701 1326 756 quia
1354 707 1533 756 propter
1569 699 1835 741 Christianos

261 770 377 824 fiunt
396 769 653 823 qrauissimi
674 775 814 811 terrae
835 775 982 811 motus.
1047 769 1297 811 Heinichen
1319 784 1374 810 on
1398 769 1555 811 Euseb.
1580 770 1696 812 Hist.
1720 769 1834 812 Eccl.

209 855 251 879 10
270 851 321 880 IX
345 838 368 881 7
433 841 469 881 9.

357 837 411 966 p}
430 910 561 952 1161.
588 913 639 951 11
675 922 828 952 ODIVM
856 909 955 952 Tac.
987 910 1100 953 Ann.
1129 922 1195 951 XV
1227 912 1284 952 44
1317 911 1411 952 odio
1444 911 1625 953 humani
1653 911 1831 966 yeneris.

271 980 413 1023 Rufin.
439 981 555 1023 Hist.
581 982 694 1023 Eccl.
716 993 767 1023 IX
790 997 824 1023 c.
848 981 883 1024 7.

356 1066 384 1106 p
414 1040 542 1093 1161.
567 1054 619 1093 12
638 1063 954 1094 CONCLAMANT
976 1052 1042 1094 De
1067 1053 1215 1094 IdOlOl.
1237 1052 1467 1108 1412451.
1492 1054 1546 1093 18
1571 1051 1695 1093 Wiss.
1719 1052 1758 1093 32·
1779 1052 1831 1094 de

267 1123 384 1164 omni
405 1122 671 1178 blasphemia
692 1123 857 1165 dictum
879 1129 948 1174 est,
974 1123 1125 1166 Vestra
1147 1139 1279 1165 causa
1299 1138 1449 1164 nomen
1471 1138 1612 1164 meum
1635 1122 1828 1177 blasphe-

205 1205 246 1237 15
268 1199 423 1242 matur,
453 1194 648 1248 perimus
689 1195 895 1244 uniuersi,
938 1210 1034 1236 cum
1071 1201 1180 1236 totus
1222 1195 1360 1236 circus
1393 1195 1575 1236 scelestis
1605 1194 1830 1249 suffraqiis

268 1265 382 1305 nullo
411 1265 562 1306 merito
591 1279 741 1306 nomen
764 1266 941 1307 lacessit.
1004 1265 1071 1306 De
1095 1264 1291 1321 Spectae.
1316 1264 1368 1306 27
1388 1280 1448 1321 pr.
1473 1264 1609 1306 odisse
1632 1264 1827 1306 debemus

263 1335 366 1376 istos
398 1340 624 1376 conuentus
655 1341 693 1377 et
724 1342 861 1377 coetus
898 1336 1172 1384 ethnicorum,
1203 1336 1273 1378 uel
1307 1335 1416 1391 quod
1448 1336 1541 1378 illic
1579 1351 1726 1377 nomen
1758 1336 1829 1378 dei

265 1404 594 1461 blasphematur,
628 1406 720 1448 illic
758 1406 802 1446 in
846 1420 918 1447 nos
948 1406 1157 1448 cotidiani
1189 1407 1324 1448 leones
1355 1407 1690 1462 eoepostufflntur,
1726 1406 1827 1448 inde

258 1477 570 1531 persecutiones
607 1477 901 1525 decernuntur,
943 1477 1044 1519 inde
1077 1478 1370 1532 temptationes
1411 1463 1671 1519 emittuntur.
1735 1477 1827 1518 The

199 1562 245 1585 20
266 1546 490 1589 Christian
512 1553 662 1595 retort,
685 1548 767 1603 leg.
792 1547 962 1589 Novell.
981 1548 1189 1589 Theodos.
1215 1560 1248 1588 11
1269 1550 1289 1589 1
1312 1550 1337 1589 3
1355 1563 1394 1604 p.
1417 1551 1470 1589 10
1489 1547 1826 1598 Rittershusius‚

258 1632 533 1672 paqanorum
575 1617 825 1660 emacerbata
855 1617 1047 1672 perfidia
1083 1633 1211 1659 cause
1254 1618 1301 1659 of
1337 1617 1393 1659 all
1437 1618 1609 1659 trouble
1644 1617 1826 1673 [quoted

263 1703 380 1729 more
414 1688 522 1745 fully
543 1703 597 1729 on
625 1689 648 1730 1.
675 1691 739 1729 10.
802 1688 945 1742 A.S.].

350 1773 388 1814 p.
411 1760 493 1800 116
510 1758 533 1799 1.
555 1760 609 1799 14
627 1769 792 1799 CLADIS
809 1758 863 1799 ad
887 1765 976 1799 nat.
994 1770 1009 1799 Ι
1029 1760 1054 1800 9
1073 1774 1134 1814 pr.
1152 1774 1227 1800 uos
1243 1759 1569 1814 recoqnoscendo
1591 1758 1823 1809 miremini,

260 1830 307 1871 in
339 1835 545 1885 quantam
576 1829 808 1871 stultitiam
840 1829 1057 1878 incidatis,
1086 1830 1160 1885 qui
1192 1832 1330 1871 omnis
1361 1829 1499 1871 cladis
1528 1829 1724 1884 publicae
1755 1829 1824 1871 uel

197 1912 241 1947 25
261 1900 452 1941 iniuriae
492 1914 567 1941 nos
601 1914 755 1941 causas
788 1914 873 1941 esse
911 1900 1054 1941 uultis.
1119 1898 1247 1955 Cypr.
1281 1899 1335 1940 ad
1368 1899 1637 1940 Demetrian.
1672 1900 1696 1939 2
1730 1914 1825 1940 cum

261 1969 381 2012 dicas
396 1970 612 2025 plurimos
635 1968 833 2024 conqueri
854 1975 891 2010 et
905 1969 1014 2025 quod
1037 1969 1145 2010 bella
1168 1969 1355 2011 crebrius
1377 1975 1568 2024 sumant,
1588 1968 1698 2024 quod
1722 1969 1822 2017 lues,

261 2040 371 2096 quod
380 2039 530 2095 fames
546 2040 754 2089 saeuiant,
772 2039 963 2095 quodque
980 2039 1134 2081 imbres
1156 2045 1193 2081 et
1208 2040 1391 2095 pluuias
1412 2054 1562 2081 serena
1585 2040 1712 2094 lonqa
1732 2053 1822 2080 sus-

258 2110 447 2167 pendant
469 2109 587 2151 nobis
608 2110 834 2164 imputari,
857 2115 997 2151 tacere
1020 2110 1138 2151 ultra
1167 2125 1248 2152 non
1277 2115 1446 2165 oportet.
1510 2112 1535 2151 3
1568 2110 1719 2151 dimisti
1745 2124 1826 2165 per

260 2196 335 2222 nos
353 2180 461 2236 fieri
489 2185 526 2221 et
554 2179 665 2235 quod
687 2179 806 2221 nobis
828 2179 1002 2221 debeant
1023 2180 1238 2235 imputari
1263 2180 1408 2221 omnia
1429 2180 1514 2222 ista
1537 2179 1685 2235 quibus
1713 2194 1824 2221 nunc

199 2270 243 2302 30
262 2250 446 2293 mundus
478 2250 671 2305 quatitur
699 2255 737 2292 et
760 2256 976 2305 uryuetur.
1002 2249 1037 2292 7.
1064 2252 1128 2292 10.
1212 2250 1497 2291 Friedlfcinder
1520 2256 1589 2291 111⁵
1611 2252 1706 2292 610.
1769 2250 1823 2291 In

263 2321 339 2363 the
372 2320 479 2362 time
512 2321 560 2361 of
585 2319 800 2361 Maximin
830 2320 906 2362 the
936 2320 1131 2362 children
1158 2320 1204 2361 in
1236 2321 1310 2362 the
1338 2320 1505 2362 schools
1528 2320 1612 2361 had
1636 2326 1680 2362 to
1703 2320 1820 2361 learn

262 2392 320 2447 by
357 2391 482 2432 heart
523 2390 571 2431 of
607 2390 737 2431 Jesus
779 2390 865 2431 and
910 2390 1051 2431 Pilate
1083 2389 1159 2431 καὶ
1193 2389 1246 2430 τὰ
1281 2390 1349 2445 ἐφ’
1386 2391 1513 2443 ὕβρει
1556 2389 1823 2432 πλασθέντα

265 2460 754 2515 ὑπομνήματα(Ε1]861).
775 2460 890 2502 Hist.
911 2461 1022 2502 Eeel.
1039 2472 1090 2501 IX
1114 2460 1135 2501 7
1160 2459 1179 2517 ἓ
1203 2462 1257 2512 1).
1322 2461 1479 2503 Euseb.
1503 2461 1588 2515 (l.c.
1605 2459 1644 2518 ἐξ
1659 2455 1822 2515 2—15)

264 2529 532 2571 transcribed
556 2529 664 2569 from
697 2544 722 2569 a
751 2528 879 2584 pillar
910 2535 956 2570 at
988 2529 1100 2585 Tyre
1123 2544 1148 2570 a
1177 2535 1266 2570 sort
1299 2529 1346 2570 of
1372 2529 1635 2585 lay-sermon
1657 2529 1705 2570 of
1730 2529 1822 2571 M.'s

199 2616 243 2648 35
263 2599 436 2655 against
478 2599 554 2640 the
596 2598 867 2641 Christians:
918 2599 975 2640 all
1022 2599 1296 2641 convulsions
1340 2600 1387 2641 of
1426 2605 1583 2641 nature
1627 2598 1699 2641 διὰ
1742 2598 1822 2652 τὴν

265 2668 465 2723 ὀλέθριον
516 2665 698 2718 πλάνην
741 2671 817 2720 τῆς
863 2667 1078 2710 ὑποκένου
1119 2668 1419 2722 ματαιότητος
1462 2669 1548 2710 τῶν
1601 2667 1822 2723 ἀθεμίτων

264 2737 441 2780 ἐκείνων
474 2736 730 2794 ἀνθρώπων.
793 2737 1017 2780 Maximin.
1055 2738 1233 2792 (Euseb.
1271 2737 1385 2779 Hist.
1422 2737 1532 2779 Eecl.
1569 2749 1618 2778 IX
1653 2740 1678 2779 8
1719 2736 1739 2793 ἓ
1774 2739 1821 2792 3)

263 2808 443 2850 boasted
467 2808 564 2849 that
587 2807 654 2849 his
675 2807 881 2849 devotion
903 2813 948 2849 to
970 2807 1079 2849 idols
1101 2808 1187 2849 and
1210 2807 1486 2864 persecution
1508 2808 1556 2848 of
1572 2806 1819 2850 Christians
