1975 3306
299 112 377 151 112
874 112 1278 153 TERTVLLIANI

295 227 511 279 erigimus,
550 228 755 270 fiduciam
791 228 977 283 figimus,
1016 229 1290 283 disciplinam
1332 235 1665 284 praeceptorum
1704 229 1856 270 nihilo-

295 297 439 338 minus
467 298 834 339 inculcationibus
862 298 1119 340 densamus:
1158 298 1320 339 ibidem
1351 299 1483 340 etiam
1513 298 1853 347 exhortationes,

294 367 604 422 castigationes
628 373 672 408 et
695 382 876 408 censura
899 368 1062 408 diuina.
1125 367 1237 408 Nam
1264 373 1308 409 et
1330 368 1550 409 iudicatur
1573 382 1731 423 magno
1756 382 1855 408 cum

294 437 498 491 pondere,
529 443 579 478 ut
607 437 726 491 apud
754 443 894 478 certos
922 437 975 477 de
1003 437 1071 478 dei
1100 442 1351 492 conspectu,
1381 452 1690 491 summumque
1718 437 1855 478 futuri

293 506 440 546 iudicii
470 507 785 561 praeiudicium
816 512 893 555 est,
925 507 958 547 si
989 507 1085 561 quis
1114 507 1176 548 ita
1206 507 1450 561 deliquerit,
1482 512 1533 548 ut
1561 522 1585 547 a
1615 507 1853 547 communi—
1875 520 1898 550 5

292 582 464 622 catione
510 583 720 623 orationis
766 588 811 623 et
856 588 1100 623 conuentus
1146 588 1190 623 et
1234 582 1375 623 omnis
1420 582 1561 623 sancti
1607 581 1854 622 commercii

291 655 517 710 relegetur.
580 656 837 697 Praesident
863 656 1038 710 probati
1065 656 1227 710 quique
1253 656 1454 705 seniores,
1483 656 1692 698 honorem
1718 655 1853 696 istum

291 744 378 770 non
403 731 558 785 pretiO,
585 731 660 772 sed
685 731 938 772 testimonio
964 730 1127 785 adepti.
1190 730 1343 785 Neque
1368 731 1482 771 enim
1509 731 1648 786 pretio
1674 730 1762 771 ulla
1786 744 1852 770 res

291 803 359 845 dei
385 810 572 846 constat.
636 804 784 846 Etiam
810 805 844 846 si
870 805 988 859 quod
1013 819 1139 845 arcae
1163 819 1298 859 genus
1324 810 1402 854 est,
1429 819 1517 845 non
1542 804 1595 845 de
1621 803 1851 845 honoraria

289 892 462 919 summa
516 879 640 933 quasi
694 878 948 933 redemptae
1001 878 1217 934 religionis
1271 884 1571 933 congregatur.
1633 878 1851 918 Modicam
1876 895 1920 917 10

290 952 592 1007 unusquisque
623 952 782 1007 stipem
814 958 1040 993 menstrua
1073 952 1154 1003 die,
1191 953 1258 993 uel
1291 967 1389 993 cum
1423 952 1542 1001 uelit,
1578 958 1622 993 et
1653 952 1687 993 si
1720 951 1851 992 modo

288 1026 407 1075 uelit,
439 1031 483 1067 et
510 1026 544 1067 si
572 1026 704 1067 modo
732 1026 883 1081 possit,
913 1026 1121 1081 apponit3
1166 1041 1269 1067 nam
1297 1041 1426 1067 nemo
1455 1026 1743 1081 compellitur,
1774 1025 1850 1066 sed

288 1105 446 1154 sponte
470 1100 651 1142 confert.
712 1100 836 1141 Haec
859 1100 984 1155 quasi
1007 1100 1207 1155 deposita
1231 1101 1410 1155 pietatis
1433 1105 1549 1142 sunt.
1611 1100 1725 1140 Nam
1749 1099 1850 1140 inde

288 1188 375 1214 non
397 1174 534 1229 epulis
554 1189 633 1215 nec
653 1175 869 1229 potaculis
888 1189 968 1215 nec
987 1175 1185 1230 ingratiis
1205 1175 1440 1216 uoratrinis
1460 1174 1751 1229 dispensatur,
1774 1174 1849 1215 sed

289 1248 433 1302 egenis
453 1248 619 1289 alendis
640 1249 962 1303 humandisque
984 1254 1027 1289 et
1048 1249 1192 1303 pueris
1212 1263 1263 1289 ac
1283 1249 1437 1303 puellis
1457 1263 1501 1289 re
1521 1262 1572 1289 ac
1592 1248 1848 1303 parentibus
1872 1268 1915 1300 15

288 1321 526 1371 destitutis,
553 1322 730 1377 iamque
756 1322 1006 1363 domesticis
1032 1322 1220 1372 senibus,
1248 1323 1355 1363 item
1380 1322 1615 1377 naufragis,
1645 1327 1689 1363 et
1713 1322 1747 1363 si
1774 1322 1848 1376 qui

286 1396 330 1436 in
361 1396 562 1445 metallis,
596 1402 640 1437 et
669 1396 704 1437 si
735 1396 810 1451 qui
840 1396 884 1437 in
914 1396 1066 1437 insulis
1096 1396 1164 1437 uel
1195 1396 1239 1437 in
1271 1396 1493 1446 custodiis,
1526 1396 1765 1437 dumtaxat
1795 1410 1848 1437 ex

286 1484 418 1510 causa
442 1470 510 1510 dei
535 1475 693 1520 sectae,
720 1470 885 1511 alumni
911 1470 1193 1511 confessionis
1217 1485 1320 1511 suae
1344 1470 1470 1511 fiunt.
1526 1470 1610 1511 8611
1635 1470 1847 1511 eiusmodi

286 1545 354 1585 uel
400 1545 592 1586 maxime
637 1545 881 1586 dilectionis
926 1545 1122 1600 operatio
1167 1551 1321 1586 notam
1366 1545 1492 1586 nobis
1536 1545 1672 1586 inurit
1716 1559 1848 1600 penes

287 1619 515 1673 quosdam.
577 1619 699 1669 Vide,
733 1619 953 1674 inquiunt,
987 1624 1038 1660 ut
1068 1619 1255 1660 inuicem
1287 1633 1332 1660 se
1363 1619 1569 1674 diligant;
1618 1619 1700 1674 ipsi
1733 1619 1846 1659 enirn
1869 1637 1918 1660 20

285 1693 473 1734 inuicem
507 1693 716 1734 oderunt:
769 1699 813 1734 et
845 1698 896 1734 ut
928 1708 1006 1748 pro
1039 1694 1252 1734 alterutro
1285 1693 1395 1734 mori
1427 1693 1517 1734 sint
1549 1693 1714 1748 parati3
1765 1693 1847 1748 ipsi

286 1767 400 1807 enim
421 1767 479 1808 ad
499 1767 788 1808 occidendum
809 1767 1071 1808 alterutrum
1092 1768 1333 1822 paratiores
1355 1773 1495 1808 erunt.
1558 1767 1642 1809 Sed
1664 1772 1708 1808 et
1728 1767 1847 1822 quod

285 1840 441 1882 fratres
471 1856 551 1882 nos
580 1855 803 1891 uocamus,
835 1856 924 1882 non
954 1837 1074 1891 alias,
1107 1841 1273 1896 opinor,
1306 1841 1533 1882 insaniunt
1563 1856 1696 1896 quam
1727 1841 1845 1896 quod

284 1915 403 1969 apud
426 1915 543 1969 ipsos
567 1929 696 1955 omne
719 1915 942 1970 sanguinis
965 1929 1125 1956 nomen
1149 1915 1203 1956 de
1227 1915 1459 1956 affectione
1482 1915 1739 1956 simulatum
1764 1921 1842 1957 est.

284 1989 461 2030 Fratres
488 1994 638 2030 autem
668 1989 801 2030 etiam
830 1990 964 2030 uestri
993 2004 1156 2039 sumus,
1186 1990 1279 2030 iure
1306 1995 1491 2031 naturae
1519 1990 1674 2031 matris
1700 1990 1841 2044 unius,
1867 2002 1912 2033 25

285 2064 365 2105 etsi
389 2079 468 2105 uos
493 2079 648 2119 parum
674 2064 884 2114 homines,
911 2064 1014 2118 quia
1038 2064 1140 2105 mali
1165 2064 1334 2106 fratres.
1396 2064 1457 2106 At
1480 2070 1648 2120 quanto
1673 2064 1845 2119 dignius

284 2137 441 2179 fratres
468 2144 512 2179 et
538 2138 746 2179 dicuntur
772 2143 817 2179 et
843 2138 1063 2179 habentur
1089 2138 1163 2193 qui
1191 2153 1328 2179 unum
1355 2144 1527 2193 patrem
1554 2138 1685 2179 deum
1713 2153 1843 2193 agno-

284 2217 457 2261 uerunt,
479 2212 553 2267 qui
572 2227 709 2253 unum
729 2212 932 2267 spiritum
950 2212 1143 2253 biberint
1161 2212 1424 2261 sanctitatis,
1446 2213 1520 2267 qui
1540 2212 1593 2253 de
1611 2226 1699 2253 uno
1718 2217 1843 2253 utero

282 2286 555 2341 ignorantiae
580 2286 772 2326 eiusdem
797 2285 853 2327 ad
877 2300 1011 2327 unam
1035 2286 1175 2327 lucem
1201 2287 1461 2341 expauerint
1484 2286 1696 2327 ueritatis.
1758 2286 1841 2328 Sed

285 2374 334 2401 eo
366 2360 551 2401 fortasse
581 2361 726 2401 minus
759 2360 941 2416 legitimi
976 2361 1290 2411 existimamur,
1327 2361 1429 2416 quja
1462 2361 1582 2402 nulla
1610 2361 1663 2402 de
1691 2366 1841 2402 nostra
1862 2373 1912 2404 30

283 2434 561 2475 fraternitate
582 2434 807 2489 tragoedia
829 2434 1060 2484 exclamat,
1079 2435 1147 2476 uel
1170 2435 1273 2490 quia
1294 2450 1346 2476 ex
1367 2435 1617 2476 substantia
1639 2435 1841 2476 familiari

283 2511 440 2553 fratres
454 2527 617 2562 sumus,
637 2526 750 2566 quae
766 2526 898 2567 penes
914 2527 993 2553 uos
1009 2511 1097 2553 fere
1114 2513 1280 2554 dirimit
1297 2512 1634 2554 fraternitatem.
1682 2512 1842 2567 Itaque

283 2585 357 2640 qui
394 2586 540 2626 animo
574 2586 809 2640 animaque
844 2586 1088 2636 miscemur,
1123 2587 1229 2627 nihil
1262 2587 1316 2627 de
1350 2587 1408 2627 rei
1444 2586 1841 2627 communicatione

282 2659 551 2700 dubitamus.
615 2659 772 2700 Omnia
803 2659 1038 2700 indiscreta
1069 2665 1174 2701 sunt
1204 2660 1323 2715 apud
1355 2674 1433 2701 nos
1464 2665 1637 2715 praeter
1668 2674 1836 2701 uxores.

282 2733 335 2773 In
367 2732 452 2773 isto
485 2732 579 2773 loco
613 2733 881 2774 consortium
915 2733 1125 2774 soluimus
1157 2733 1201 2775 in
1235 2748 1321 2788 quo
1355 2734 1445 2775 solo
1479 2733 1609 2775 ceteri
1642 2733 1839 2775 homines
1861 2747 1910 2779 35>

283 2806 551 2848 consortium
571 2812 786 2857 exercent,
808 2806 882 2861 qui
900 2821 988 2848 non
1007 2807 1247 2848 amicorum
1265 2807 1539 2849 solummodo
1558 2807 1839 2849 matrimonia
