1975 3306
312 151 394 192 224
887 153 1293 195 TERTVLLIANI
1555 155 1613 210 [p.
1638 157 1692 196 42
1715 155 1742 197 1.
1767 156 1878 196 34-

312 265 561 323 Contempl.
581 270 600 308 1
621 269 677 321 (11
696 268 780 310 472
797 268 875 319 Μ.)
893 267 951 311 ὦν
975 268 1030 311 τὰ
1049 268 1219 323 ἀδελφὰ
1242 269 1354 326 μέρη
1379 270 1452 311 καὶ
1475 274 1669 325 συγγενῆ
1690 276 1875 326 λουτρο-

311 336 440 391 φόροι
458 337 668 391 Γγε’γόνασι
686 339 760 380 καὶ
778 338 1072 394 ποδάνιπτρα.
1124 340 1362 397 Gregorius
1381 340 1579 382 Palamas
1598 341 1747 397 Migne
1763 341 1807 382 P.
1824 342 1876 383 G.

311 419 366 448 CL
395 408 527 461 (cent.
552 411 625 461 14)
656 409 840 462 ἀδελφά,
871 409 996 466 φασί,
1028 410 1103 453 καὶ
1135 409 1334 468 ὁμόχροα
1362 411 1438 453 καὶ
1471 415 1548 465 τῆς
1581 410 1715 465 αὐτῆς
1747 429 1874 468 κερα·

308 475 447 531 μείας.
509 478 667 520 Iustin.
690 479 816 535 Apol.
839 491 854 520 I
879 481 903 522 9
930 495 971 536 p.
999 478 1073 521 57d
1105 479 1148 522 τί
1176 479 1262 536 ’γὰρ
1291 480 1355 522 δεῖ
1384 479 1549 522 εἰδόσιν
1582 480 1683 535 ὑμῖν
1714 479 1875 535 λέγειν,

270 564 289 595 5
310 546 338 588 ἃ
372 546 451 601 τὴν
485 548 597 600 ὕλην
629 549 670 591 οἱ
700 552 904 606 τεχνῖται
939 550 1192 592 διατιθέασι
1227 551 1396 604 ξέοντες
1428 550 1503 592 καὶ
1535 549 1765 604 τέμνοντες
1797 550 1873 594 καὶ

308 617 578 675 χωνεύοντες
616 619 691 662 καὶ
729 619 1002 669 τύπτοντες;
1042 621 1116 663 καὶ.
1149 621 1199 675 ἐξ
1234 619 1404 675 ἀτίμων
1435 623 1664 667 πολλάκις
1703 623 1873 663 σκευῶν

310 687 381 730 διὰ
415 689 574 746 τέχνης
606 689 655 732 τὸ
689 693 849 747 σχῆμα
880 690 1013 745 μόνον
1042 690 1322 744 ἀλλάξαντες
1352 692 1426 733 καὶ
1457 691 1873 747 μορφοποιήσαντες

309 757 433 805 θεοὺς
457 760 820 812 ἐπονομάζουσιν.
882 760 1019 804 Clem.
1042 761 1232 818 Recogn.
1255 774 1285 802 V
1310 764 1376 803 15.
1431 761 1718 804 Commodian
1740 763 1873 804 Instr.

308 840 323 869 Ι
348 831 403 871 20
427 830 540 871 7-8
563 836 601 872 et
621 830 719 872 deos
741 831 907 873 audetis
936 832 1155 874 aeramine
1176 831 1315 874 dicere
1335 831 1493 888 fusos?
1553 832 1784 874 Solueretis
1805 847 1873 874 eos

246 917 289 940 10
311 900 447 954 mayis
468 901 514 941 in
535 901 714 942 uascula
740 901 865 943 uobis.

396 986 436 1027 p.
468 972 524 1011 44
554 971 580 1012 1.
616 974 635 1012 l
668 983 731 1012 Ex
762 983 904 1013 ISDEM
934 984 1155 1013 VAsCVLIS
1185 972 1281 1014 infr.
1309 988 1344 1014 c.
1372 974 1425 1013 13
1448 973 1494 1014 in
1525 972 1798 1015 caccabulum
1819 972 1871 1015 de

306 1041 506 1091 Saturno,
529 1042 766 1098 aliquando
789 1044 835 1084 in
864 1044 1046 1085 trullam
1067 1044 1118 1085 de
1140 1043 1355 1085 Minerua.
1417 1043 1580 1084 Minue.
1604 1045 1658 1085 ‘23
1679 1041 1699 1100 ξ
1721 1045 1745 1085 9
1768 1043 1871 1086 deus

306 1127 463 1154 aureus
503 1112 567 1154 uel
604 1119 827 1168 argenteus
861 1113 911 1155 de
945 1114 1165 1155 immundo
1202 1114 1372 1156 uasculo
1408 1114 1591 1169 saepius,
1623 1119 1668 1155 ut
1693 1113 1870 1168 factum

305 1183 519 1238 Aeyyptio
544 1184 644 1238 reyi,
669 1184 892 1239 conflatur,
915 1184 1122 1234 tzmditur,
1148 1184 1316 1225 malleis
1337 1190 1375 1226 et
1396 1183 1619 1226 incudibus
1632 1183 1867 1239 fiyuratur.

243 1268 284 1299 15
305 1253 525 1310 Athenag.
549 1255 602 1296 26
627 1270 666 1310 p.
684 1252 761 1296 30¹³
784 1252 886 1296 ἀλλ’
905 1255 930 1307 ἡ
952 1255 1031 1307 μὲν
1054 1255 1139 1305 ὕλη
1163 1255 1332 1311 χαλκός
1356 1254 1491 1297 ἐστιν.
1538 1254 1585 1296 τί
1604 1253 1673 1295 δαὶ
1695 1243 1887 1311 χαλκὸςΙ

306 1322 491 1366 δύναται
523 1323 621 1366 καθ’
646 1323 814 1373 ἑαυτόν,
847 1323 895 1366 ὃν
925 1327 1231 1378 μεταποιῆσαι
1263 1325 1407 1366 πάλιν
1440 1324 1498 1369 εἰς
1531 1325 1676 1379 ἕτερον
1707 1328 1865 1382 σχῆμα

306 1393 492 1447 ἔξεστιν,
530 1395 588 1439 ὡς
629 1394 704 1436 τὸν
742 1394 1053 1450 ποδονιπτῆρα
1092 1393 1112 1437 ὁ
1146 1393 1269 1449 παρὰ
1307 1397 1369 1451 τῷ
1404 1393 1632 1450 Ἡροδότῳ
1667 1393 1867 1448 ”Aphaeae

306 1463 360 1517 [11
386 1464 504 1518 163]‚
527 1463 740 1506 ridiculed
770 1465 834 1505 for
862 1463 929 1505 his
959 1464 1037 1505 low
1060 1463 1193 1513 birth,
1217 1464 1270 1505 he
1300 1470 1440 1505 recast)
1472 1463 1540 1505 his
1569 1464 1727 1520 golden
1757 1464 1865 1505 foot-

304 1549 390 1590 pan
413 1534 506 1576 into
528 1550 584 1575 an
606 1534 705 1576 idol.
767 1536 817 1576 cf.
839 1535 881 1576 J.
904 1534 1114 1576 Geffcken
1137 1534 1239 1576 zwei
1263 1534 1538 1591 Apologeten
1562 1546 1659 1575 XXI.

240 1616 284 1637 20
392 1620 430 1660 p.
462 1606 517 1645 44
548 1605 573 1645 l.
601 1607 624 1645 2
658 1616 876 1646 LICENTIA
909 1616 1041 1645 ARTIS
1075 1604 1282 1646 Prudent.
1312 1604 1551 1660 Peristeph.
1577 1616 1608 1645 X
1632 1605 1864 1646 266—270

303 1674 376 1716 sed
406 1675 566 1730 pulcra
598 1690 665 1716 res
696 1680 754 1716 est
780 1674 935 1730 forma
967 1674 1010 1714 in
1045 1689 1142 1715 aere
1174 1674 1412 1729 sculptilis:
1439 1674 1444 1728 Ι
1475 1673 1578 1729 quid
1613 1672 1865 1729 inprecabor

304 1744 480 1799 officinis
523 1744 739 1794 Graeciae,
768 1744 771 1800 Ι
802 1760 911 1800 quae
952 1744 1230 1786 condiderunt
1277 1744 1470 1799 gentibus
1515 1745 1656 1786 stultis
1697 1744 1825 1786 deos?
1860 1745 1862 1779 Ι

291 1815 467 1870 forceps
503 1814 712 1870 Myronis,
746 1814 928 1856 'malleus
961 1814 1168 1869 Polycliti
1193 1813 1197 1870 Ι
1227 1820 1388 1855 natura
1425 1820 1613 1856 uestrum
1643 1819 1702 1855 est
1739 1820 1864 1870 atque

304 1884 420 1939 oriyo
463 1884 674 1926 caelitum.
737 1885 967 1926 291—295
1010 1883 1159 1934 miror,
1201 1883 1311 1938 quod
1351 1883 1494 1938 ipsum
1535 1898 1617 1925 non
1657 1883 1864 1925 sacrastis

238 1972 280 2004 25
303 1953 547 2003 Mentorem,
575 1953 578 2010 Ι
611 1969 680 1996 nec
728 1954 889 2010 templa
937 1960 974 1996 et
1023 1969 1127 1995 aras
1174 1954 1264 2009 ipse
1314 1953 1503 1995 Phidias
1550 1953 1683 2002 habet,
1710 1952 1714 2009 Ι
1731 1953 1863 2008 fabri

302 2024 477 2066 deorum
523 2024 586 2066 uel
630 2030 831 2080 parentes
875 2024 1124 2065 numinum:
1151 2023 1154 2080 Ι
1185 2024 1258 2079 qui
1298 2024 1337 2065 si
1381 2024 1564 2065 caminis
1610 2024 1862 2065 institissent

301 2095 481 2150 seynius,
509 2094 514 2150 Ι
543 2110 625 2136 non
655 2100 757 2136 esset
788 2095 905 2136 ullus
936 2094 1138 2150 Iuppiter
1168 2094 1407 2149 conflatilis.

390 2178 430 2219 p.
459 2165 515 2204 44
545 2163 570 2204 1.
599 2165 624 2204 3
657 2163 711 2204 ad
741 2163 866 2219 Scap.
894 2165 918 2204 2
952 2164 1122 2219 lonyum
1151 2169 1220 2213 est,
1242 2164 1280 2205 si
1307 2169 1557 2212 reteoeamus,
1580 2163 1729 2219 quibas
1757 2163 1862 2205 aliis

306 2234 439 2276 modis
461 2240 498 2276 et
520 2234 798 2276 derideantur
814 2241 851 2277 et
873 2240 1191 2277 conteninantar
1207 2249 1347 2277 omnes
1364 2234 1411 2276 di
1433 2233 1484 2275 ab
1501 2234 1608 2289 ipsis
1630 2233 1860 2275 cultoribus

238 2326 282 2357 30
302 2306 400 2346 suis.
464 2305 542 2361 Ep.
564 2305 618 2346 ad
641 2305 848 2362 Diognet.
871 2308 894 2346 2
919 2305 1040 2357 ὑμεῖς
1068 2304 1153 2359 Γγὰρ
1176 2304 1219 2347 οἱ
1247 2308 1322 2347 νῦν
1345 2303 1590 2359 νομίζοντες
1619 2304 1693 2346 καὶ
1722 2304 1858 2357 σεβό-

302 2393 423 2427 μενοι
458 2376 681 2419 <τούτους
718 2375 898 2425 θεούς>,
927 2374 975 2417 οὐ
1010 2374 1131 2417 πολὺ
1162 2373 1301 2418 πλέον
1333 2374 1477 2417 αὐτῶν
1508 2377 1856 2429 καταφρονεῖτε;

303 2443 352 2486 οὐ
385 2444 505 2487 πολὺ
538 2448 716 2498 μᾶλλον
749 2445 907 2491 αὐτοὺς
939 2444 1179 2502 χλευάζετε
1213 2445 1287 2487 καὶ
1324 2445 1552 2502 ὑβρίζετε;
1616 2444 1857 2486 Henneeke

302 2513 386 2556 ind.
420 2514 601 2556 Aristid.
633 2530 704 2556 ΞΝ.
737 2514 1009 2572 δημιουργός.
1069 2567 1072 2569 Α

389 2599 429 2639 p.
451 2586 506 2624 44
529 2584 555 2625 l.
578 2587 602 2626 6
631 2584 686 2626 ad
710 2585 839 2626 Mart.
864 2587 890 2625 4
916 2584 1126 2640 (yladius,
1153 2600 1268 2634 crum,
1292 2584 1431 2626 rabies
1459 2583 1701 2634 bestiarum,
1730 2585 1855 2639 iynis,

236 2671 279 2703 35
301 2656 537 2706 tormenta).
602 2653 701 2696 Sen.
734 2655 788 2695 ad
821 2654 950 2696 Marc.
984 2656 1037 2696 20
1069 2653 1088 2711 ἓ
1119 2656 1145 2696 3
1174 2654 1296 2696 uideo
1325 2654 1420 2696 istic
1449 2668 1590 2696 cruces
1617 2669 1700 2695 non
1727 2655 1856 2696 unius

301 2723 470 2779 quidem
503 2726 680 2779 yeneris,
714 2725 786 2767 sed
819 2726 946 2767 aliter
980 2725 1031 2767 ab
1069 2726 1172 2767 aliis
1195 2724 1469 2780 fabricatas:
1512 2724 1649 2779 capite
1685 2724 1853 2779 quidem

300 2808 518 2836 conuersos
540 2796 585 2836 in.
608 2802 720 2837 terra
729 2812 768 2836 ni
789 2795 1052 2851 suspendere,
1070 2796 1152 2837 alii
1166 2810 1248 2851 per
1270 2795 1442 2837 obscena
1463 2794 1649 2849 stipitem
1670 2800 1854 2849 eyerunt,

299 2865 382 2906 alii
424 2864 622 2907 bracchia
658 2864 852 2921 patibulo
895 2865 1196 2920 explicuerunt.
1268 2864 1357 2906 Vit.
1401 2864 1524 2905 Beat.
1570 2865 1622 2905 19
1663 2862 1683 2920 ξ
1724 2866 1749 2906 3
1794 2864 1853 2906 ad
