1975 3306
238 139 322 178 332
815 139 1224 182 TERTVLLIANI
1478 142 1537 199 [p.
1566 145 1620 184 86
1642 142 1669 183 1.
1695 143 1807 184 27-

227 253 421 309 frontem
438 260 475 297 et
492 255 731 298 Sterculum
760 254 766 312 Ι
796 256 892 298 colit
908 263 1105 299 senatus:
1137 257 1284 300 horreo
1315 257 1319 313 Ι
1346 263 1404 299 tot
1419 264 1611 300 monstra
1626 264 1807 314 patrum

238 324 376 367 dicere
402 324 406 381 Ι
437 325 604 381 etfesta
627 325 810 368 Saturni
829 327 952 369 senis.

326 410 365 451 p.
399 398 453 437 86
488 396 510 437 l.
546 398 600 437 28
634 408 903 438 LARENTINA
934 412 967 439 c.
993 399 1046 438 13
1070 413 1109 454 p.
1132 400 1187 440 46
1213 399 1235 440 l.
1260 400 1326 448 30,
1350 398 1462 440 infra
1485 414 1522 455 p.
1548 401 1603 440 88
1627 399 1649 440 l.
1676 401 1742 441 23.

327 477 562 508 PROVEXIT
584 467 711 524 Verg.
735 467 844 509 Aen.
868 480 917 509 VI
943 468 1026 510 796
1046 469 1239 525 proferet
1260 469 1504 525 imperimn.

198 548 218 580 5
326 547 616 579 PEREGRINOS
647 553 680 579 ο.
716 540 770 580 10
802 553 841 594 p.
867 540 921 581 36
955 539 979 580 l.
1012 541 1065 581 26
1090 554 1128 595 ῃ.
1192 539 1245 581 ad
1276 546 1364 582 nat.
1388 551 1422 581 11
1448 539 1499 581 17
1524 556 1562 596 p.
1589 542 1672 582 130
1703 541 1726 582 1.
1753 543 1807 583 10

240 606 364 648 VViss.
382 609 636 662 pereyrinos
657 609 769 651 enim
792 615 871 651 oet.

326 692 364 732 p.
400 678 454 718 86
488 677 512 719 1.
546 679 597 719 31
633 690 1015 720 TRANSFRETANIS
1049 678 1124 721 ἶίπ.
1159 679 1233 734 εἰρ.

327 758 521 788 VIDERIT
553 763 585 789 c.
612 751 664 790 16
691 764 742 790 m.
766 751 821 791 42
845 765 884 791 n.
947 749 1014 791 De
1038 750 1154 792 Test.
1178 750 1324 792 Anim.
1352 753 1370 791 1
1397 766 1436 806 p.
1462 752 1543 792 135
1569 751 1593 793 l.
1623 753 1649 792 3
1680 750 1806 793 Wiss.

237 817 329 858 iam
351 818 487 872 iyitm·
507 819 619 860 nihil
641 819 758 861 'nobis
780 820 862 862 erit
884 835 978 862 cum
1002 821 1155 862 litteris
1183 827 1221 863 et
1243 820 1440 863 doctrina
1458 821 1807 877 peruersaefeli·

178 903 220 925 10
239 887 391 937 citatis,
415 888 485 930 cui
515 889 558 929 in
581 889 706 944 falso
733 890 881 945 potius
912 890 1105 932 creditur
1136 906 1265 946 quam
1295 891 1342 932 in
1376 906 1483 933 uero.
1550 891 1741 932 uiderint
1771 891 1810 931 si

239 958 314 1013 qui
344 957 396 999 de
430 959 550 1001 unico
582 965 620 1001 et
660 960 748 1001 solo
791 960 879 1002 Deo
911 961 1318 1016 pronuntiauerunt.
1381 961 1493 1002 Adu.
1539 961 1745 1017 Hermog.
1784 964 1804 1001 1

238 1043 278 1084 p.
303 1029 386 1070 126
411 1028 435 1069 l.
462 1031 514 1071 16
539 1029 616 1072 Kr.
647 1030 721 1072 sed
753 1030 915 1073 uiderit
931 1045 1128 1086 persona,
1153 1047 1244 1073 cum
1269 1031 1467 1074 doctrina
1488 1032 1598 1073 milei
1619 1033 1807 1087 quaestio

239 1104 307 1140 est.
371 1098 483 1140 Adu.
509 1099 730 1142 Valentin.
756 1102 780 1142 9
803 1116 843 1157 p.
869 1101 950 1142 187
976 1101 1001 1142 l.
1026 1100 1049 1142 7
1082 1101 1157 1143 ΚΥ.
1189 1117 1240 1143 eoe
1270 1101 1362 1143 illis
1394 1102 1615 1145 duodecim
1651 1101 1806 1143 Aeoni-

241 1167 326 1217 bus,
359 1184 461 1224 quos
495 1169 637 1212 Homo
674 1176 711 1212 et
748 1171 943 1212 Ecclesia
985 1171 1217 1220 edidercwet,
1260 1172 1498 1213 ‘nouissima
1538 1178 1642 1213 natu
1687 1172 1802 1213 Aeon

177 1251 218 1283 15
239 1239 418 1291 (uiderit
449 1240 726 1291 soloecismus,
749 1241 912 1296 Sophia
944 1242 1056 1283 enim
1085 1256 1236 1283 ‘nomen
1265 1243 1352 1294 est).
1417 1241 1603 1283 Gronou.
1628 1242 1682 1283 ad
1706 1242 1806 1284 Sen.

240 1309 306 1351 De
331 1310 456 1352 Prou.
481 1313 519 1352 3.

328 1392 521 1422 VIDERIT
552 1393 592 1422 SI
628 1394 873 1423 ADAMAVIT
905 1398 938 1424 c.
962 1385 986 1425 6
1010 1398 1071 1438 pr.
1094 1398 1134 1425 n.
1167 1398 1199 1424 c.
1224 1385 1275 1424 21
1302 1399 1341 1440 p.
1366 1383 1420 1425 74
1443 1383 1466 1425 1.
1493 1386 1546 1426 23
1569 1399 1609 1425 n.

326 1463 504 1493 CYBELE
540 1453 674 1509 Bayle
697 1469 867 1495 oeuvres
900 1466 955 1494 111
988 1455 1056 1496 47.
1119 1454 1232 1496 Adu.
1257 1455 1387 1497 Marc.
1412 1467 1426 1496 Ι
1453 1457 1506 1497 13
1528 1471 1567 1512 p.
1592 1455 1675 1497 307
1701 1456 1724 1497 l.
1749 1457 1800 1496 21

239 1521 313 1563 Kr.
378 1521 539 1563 Minue.
575 1524 640 1564 24.
703 1523 865 1565 Arnob.
890 1535 924 1564 ΙΙ
949 1523 1015 1566 73.
1058 1535 1126 1565 V11
1150 1526 1217 1566 49.
1281 1524 1376 1566 Liu.
1401 1536 1522 1566 XXIX
1555 1528 1604 1566 11
1629 1525 1713 1566 and
1740 1528 1804 1566 14.

174 1605 218 1627 20
238 1590 355 1632 Lacu.
392 1591 493 1633 Diu.
531 1591 662 1634 Instt.
701 1605 735 1634 ΙΙ
774 1593 797 1635 7
833 1592 852 1650 ξ
888 1596 952 1634 12.
1016 1594 1128 1650 Aug.
1164 1594 1230 1635 De
1264 1594 1359 1637 Ciu.
1394 1595 1478 1636 Dei
1511 1607 1527 1636 Ι
1552 1597 1618 1637 30.
1658 1607 1712 1636 ΙΙΙ
1739 1597 1802 1636 12.

238 1660 454 1703 Claudiam
488 1661 554 1702 De
589 1662 737 1718 Raptu
773 1663 1056 1720 Proserpinae
1090 1676 1104 1705 Ι
1130 1666 1214 1706 200
1237 1679 1321 1720 seq.
1387 1665 1612 1707 Herodian
1636 1675 1650 1706 Ι
1678 1668 1742 1707 11.
1768 1665 1803 1706 7.

237 1731 380 1787 Zoega
418 1731 687 1774 Bassirilievi
724 1733 907 1774 Antichi
950 1734 1120 1787 (Rome,
1159 1736 1291 1786 1808)
1330 1737 1413 1776 188
1457 1736 1481 1777 f.
1546 1735 1802 1792 Marquardt

239 1801 361 1843 Rom.
386 1801 813 1860 Staatsverwaltung
830 1816 884 1845 ΙΙΙ
909 1806 1094 1846 355-9.

325 1887 363 1928 p.
399 1874 453 1914 86
487 1873 510 1914 l.
544 1875 598 1915 32
632 1885 902 1915 VERNACVLI
935 1890 966 1916 c.
1003 1876 1055 1916 19
1094 1890 1132 1931 p.
1173 1877 1227 1917 64
1266 1875 1289 1917 Γ.
1328 1878 1380 1917 15
1419 1891 1458 1918 n.
1503 1892 1535 1918 c.
1573 1879 1627 1919 35
1660 1876 1800 1932 ipsam

174 1958 217 1990 25
237 1944 518 1985 uernaczdcim
539 1950 693 2000 septem
718 1945 890 1987 collium
905 1946 1082 2001 plebem.

326 2028 365 2069 p.
398 2015 452 2054 86
486 2013 509 2055 1.
543 2016 598 2055 33
630 2026 860 2056 TRANSIRE
904 2027 1156 2057 PROSPEXIT
1201 2016 1285 2058 had
1330 2017 1403 2058 the
1439 2017 1724 2075 forethought
1757 2024 1801 2059 to

238 2098 351 2125 cross
373 2099 483 2126 over.

327 2169 365 2210 p.
400 2156 454 2195 86
488 2154 511 2195 1.
545 2156 601 2195 34
634 2166 1021 2197 DEBELLATRICEM
1053 2155 1165 2196 Adu.
1200 2156 1295 2198 Iud.
1328 2158 1351 2199 9
1385 2172 1422 2213 p.
1455 2157 1802 2199 723111.Oehle1·

238 2225 293 2275 (=
309 2223 422 2265 Adu.
447 2224 576 2266 Marc.
602 2236 654 2265 ΙΙΙ
681 2227 734 2266 13
757 2240 796 2281 p.
820 2227 905 2267 398
929 2225 952 2267 l.
973 2227 1024 2266 21
1052 2225 1147 2279 Kr.)
1179 2226 1240 2268 sic
1262 2232 1300 2268 et
1320 2226 1511 2281 Babylon
1532 2227 1650 2282 apud
1670 2227 1802 2268 Ioan-

176 2314 220 2345 30
238 2308 332 2334 nem
356 2299 546 2335 nostrum
570 2294 735 2336 Romae
758 2294 875 2336 urbis
887 2295 1041 2350 fiyura
1062 2301 1132 2344 est,
1148 2295 1333 2350 proinde
1354 2301 1392 2337 et
1416 2311 1596 2351 mayncze
1616 2303 1653 2338 et
1676 2311 1802 2351 7²quon

238 2364 442 2419 superbae
463 2371 501 2407 et
522 2371 765 2407 sanctorum
779 2365 1072 2408 debellatricis.
1135 2365 1315 2408 Cassian
1338 2365 1444 2408 Coll.
1461 2377 1565 2407 XXII
1584 2368 1621 2408 3.
1684 2366 1801 2408 Lact.

240 2434 283 2475 in
302 2434 412 2475 lexx.
436 2435 526 2489 [see
549 2435 638 2476 also
661 2435 786 2477 Thes.
807 2435 936 2490 A.S.].

328 2520 366 2560 p.
400 2508 455 2545 88
488 2505 512 2546 l.
549 2508 568 2546 1
606 2505 751 2546 Dea‘oh
776 2506 823 2546 of
840 2505 1013 2546 Marcus
1048 2505 1231 2548 17Ma1„
1257 2508 1340 2547 180
1364 2505 1542 2548 Clinton
1567 2505 1700 2548 Fasti.

328 2590 365 2630 p.
399 2577 454 2616 88
488 2575 512 2615 l.
547 2577 570 2615 2
605 2587 928 2616 ARCHIGALLVS
962 2575 1027 2616 De
1061 2574 1187 2618 Carn.
1219 2575 1368 2616 Resur.
1395 2577 1447 2617 16
1477 2590 1517 2631 p.
1541 2577 1595 2617 46
1626 2576 1650 2618 l.
1675 2575 1698 2617 7
1724 2576 1799 2617 Kr.

175 2660 219 2691 35
240 2651 276 2686 et
311 2651 451 2687 tamen
489 2646 675 2695 calicem,
710 2661 791 2687 non
825 2646 919 2687 dico
952 2646 1243 2693 uenenarium,
1275 2646 1321 2686 in
1353 2660 1472 2700 quem
1505 2661 1621 2687 mors
1652 2646 1801 2701 aliqua

239 2715 434 2764 ructarit,
456 2715 530 2757 sed
550 2715 770 2771 frictricis
801 2716 868 2757 uel
903 2715 1136 2770 archiqalli
1168 2716 1233 2756 uel
1263 2715 1522 2769 ylodicttoris
1553 2721 1628 2756 aut
1659 2715 1800 2757 carni-

230 2785 330 2840 ficis
361 2785 519 2840 spiritu
555 2785 772 2840 infectum,
810 2800 977 2840 quaero,
1013 2801 1070 2826 (m
1102 2785 1245 2826 mimis
1276 2785 1463 2834 dawmes,
1495 2800 1625 2840 quam
1658 2785 1799 2827 oscula

239 2855 442 2910 ipsorum.
507 2854 615 2895 Plin.
639 2854 761 2896 inser.
825 2854 999 2896 Firmic.
1023 2854 1207 2896 Manem.
1231 2854 1369 2897 Math.
1403 2866 1456 2895 111
1490 2858 1514 2897 6
1546 2853 1640 2910 §22
1661 2853 1803 2909 faciet
