1975 3306
231 162 283 201 42
811 161 1216 203 TERTVLLIANI

227 275 406 331 indigne
458 290 536 317 nec
588 276 768 332 prodige
820 282 998 318 tantum
1051 277 1295 332 praemium
1348 277 1624 332 dispensarit.
1685 277 1799 319 Volo

229 345 363 400 igitur
397 346 553 387 merita
588 360 821 396 recensere,
858 361 914 387 an
950 346 1162 388 eiusmodi
1197 347 1298 396 sint,
1335 352 1387 388 ut
1418 347 1514 388 illos
1547 347 1592 388 in
1627 346 1794 388 caelum

230 415 469 457 extulerint
503 421 547 457 et
579 430 668 457 non
701 416 849 471 potius
881 416 926 457 in
959 417 1099 457 imum
1132 421 1351 458 tartarum
1386 417 1627 467 merserint,
1664 431 1794 472 quem

230 499 446 526 carcerem
480 500 722 541 poenarum
756 485 1027 527 infernarum
1062 500 1162 527 cum
1196 486 1331 528 uultis
1367 486 1624 528 adfirmatis.
1686 486 1795 527 Illuc

230 555 346 595 enim
382 555 584 597 abstrudi
620 555 763 597 solent
797 556 921 611 impii
959 556 1122 611 quique
1157 556 1202 597 in
1239 561 1444 611 parentes
1481 562 1526 598 et
1560 556 1714 597 incesti
1750 556 1795 597 in
1817 572 1838 602 5

229 639 397 666 sorores
418 630 462 666 et
482 625 742 666 maritarum
763 625 951 667 adulteri
973 631 1018 667 et
1037 626 1256 681 uirginum
1277 632 1475 681 raptores
1497 631 1541 667 et
1561 640 1795 681 puerorum

230 695 604 736 contaminatores
629 701 673 737 et
697 696 771 750 qui
796 696 1001 737 saeuiunt
1025 701 1070 737 et
1094 696 1168 750 qui
1193 696 1401 737 occidunt
1424 701 1469 737 et
1493 696 1567 751 qui
1592 695 1797 737 furantur

230 769 275 806 et
303 765 377 819 qui
407 764 633 820 decipiunt
662 770 707 807 et
735 765 986 820 quicunque
1014 765 1175 807 similes
1203 771 1308 807 sunt
1336 766 1518 807 alicuius
1547 765 1616 807 dei
1644 765 1793 815 uestri,

229 853 362 894 quem
386 840 606 880 neminem
630 840 851 895 integrum
875 855 901 881 a
926 840 1105 881 crimine
1130 846 1210 882 aut
1233 841 1342 882 uitio
1368 841 1553 896 probare
1578 840 1793 896 poteritis,

229 914 310 955 nisi
339 914 561 955 hominem
588 916 866 971 negaueritis.
930 916 1097 971 Atquin
1124 922 1175 958 ut
1201 916 1296 958 illos
1324 916 1521 958 homines
1548 916 1680 957 fuisse
1707 930 1794 957 non
1819 933 1865 955 10

228 990 405 1044 possitis
424 1004 594 1045 negare,
617 991 751 1031 etiam
770 991 881 1032 istae
900 996 1033 1033 notae
1052 991 1270 1033 accedunt
1289 1007 1401 1047 quae
1420 1006 1499 1033 nec
1518 991 1622 1033 deos
1642 997 1795 1047 postea

228 1064 371 1106 factos
401 1065 517 1105 credi
547 1065 827 1120 permittunt.
889 1066 932 1107 Si
964 1067 1078 1107 enim
1109 1081 1188 1107 uos
1218 1066 1382 1108 talibus
1411 1066 1643 1121 puniendis
1673 1081 1794 1121 prae-

228 1139 393 1190 sidetis,
437 1140 471 1181 si
519 1140 826 1190 conmercium,
872 1141 1151 1196 colloquium,
1196 1141 1449 1183 conuictum
1494 1141 1710 1182 malorum
1752 1147 1797 1182 et

228 1215 426 1270 turpium
458 1214 583 1270 probi
615 1216 778 1270 quique
809 1217 1027 1271 respuitis,
1062 1216 1218 1258 horum
1249 1222 1400 1258 autem
1431 1231 1557 1272 pares
1589 1216 1695 1257 deus
1726 1216 1796 1257 ille

228 1290 474 1331 maiestatis
498 1305 602 1331 suae
628 1292 846 1333 consortio
873 1292 1074 1342 adsciuit,
1102 1292 1207 1347 quid
1234 1307 1333 1347 ergo
1359 1292 1583 1334 damnatis
1608 1307 1795 1347 quorum
1820 1311 1864 1342 15

228 1364 414 1421 collegas
459 1365 681 1407 adoratis?
745 1366 1001 1422 Suggillatio
1049 1373 1116 1408 est
1159 1367 1205 1408 in
1251 1367 1370 1408 caelo
1416 1372 1564 1408 uestra
1609 1367 1793 1408 iustitia.

227 1439 345 1481 Deos
373 1440 506 1482 facite
535 1441 913 1483 criminosissimos
941 1457 1152 1497 quosque,
1183 1448 1235 1484 ut
1263 1442 1474 1497 placeatis
1503 1442 1594 1484 deis
1622 1442 1793 1483 uestris.

228 1514 410 1556 Illorum
443 1521 509 1557 est
540 1516 679 1557 honor
710 1518 979 1558 consecratio
1012 1518 1329 1572 coaequalium.
1391 1517 1475 1559 Sed
1506 1522 1558 1559 ut
1589 1517 1796 1558 omittam

228 1590 358 1632 huius
386 1591 665 1647 indignitatis
694 1598 1000 1642 retractatum,
1026 1592 1152 1648 probi
1176 1598 1220 1634 et
1241 1593 1399 1648 integri
1424 1598 1468 1634 et
1489 1593 1593 1634 boni
1616 1592 1793 1633 fuerint.

229 1664 348 1716 Quot
369 1671 520 1708 tamen
542 1667 735 1721 potiores
758 1668 874 1708 uiros
897 1667 1017 1721 apud
1037 1667 1200 1708 inferos
1227 1667 1486 1723 reliquistis!
1527 1667 1719 1722 aliquem
1742 1666 1796 1708 de
1818 1686 1864 1708 20

229 1741 447 1795 sapientia
475 1741 713 1792 Socratem,
744 1742 797 1783 de
823 1743 993 1784 iustitia
1021 1743 1257 1792 Aristiden,
1287 1743 1341 1783 de
1368 1743 1524 1784 militia
1552 1742 1795 1783 Themisto-

230 1815 353 1866 clem,
385 1816 438 1857 de
466 1816 740 1858 sublimitate
768 1817 1082 1867 Alexandrum,
1114 1818 1167 1858 de
1196 1818 1407 1859 felicitate
1435 1818 1711 1872 Polycraten,
1742 1816 1797 1857 de

230 1891 355 1946 copia
381 1891 602 1943 Croesum,
629 1892 683 1933 de
709 1892 958 1947 eloquentia
983 1893 1326 1934 Demosthenen.
1390 1893 1495 1943 Quis
1519 1907 1573 1934 ex
1597 1893 1680 1934 illis
1705 1892 1796 1933 deis

230 1967 388 2008 uestris
401 1967 576 2022 grauior
590 1972 634 2008 et
648 1967 888 2022 sapientior
902 1967 1080 2018 Catone,
1091 1968 1247 2009 iustior
1261 1973 1305 2009 et
1319 1968 1549 2009 militarior
1563 1967 1788 2022 Scipione?

231 2041 328 2096 quis
364 2042 591 2083 sublimior
626 2042 849 2097 Pompeio,
888 2042 1052 2084 felicior
1087 2042 1218 2097 Sylla,
1257 2043 1471 2098 copiosior
1507 2043 1672 2092 Crasso,
1712 2042 1794 2083 elo·
1819 2061 1861 2092 25

231 2117 435 2171 quentior
469 2117 636 2159 Tullio?
702 2117 878 2167 Quanto
913 2118 1086 2173 dignius
1118 2118 1227 2159 istos
1261 2118 1364 2159 deos
1397 2118 1467 2159 ille
1501 2117 1796 2159 adsumendos

230 2197 519 2246 expectasset,
557 2192 778 2247 praescius
813 2193 967 2248 utique
1002 2193 1252 2248 potiorum?
1315 2193 1588 2248 Properauit,
1626 2192 1792 2247 opinor.

231 2272 276 2308 et
302 2267 470 2308 caelum
496 2267 628 2308 semel
654 2267 794 2317 clusit,
824 2273 868 2308 et
893 2282 1010 2309 nunc
1035 2268 1190 2324 utique
1215 2268 1465 2309 melioribus
1490 2267 1610 2322 apud
1634 2267 1795 2308 inferos

231 2342 549 2384 musitantibus
570 2342 799 2384 erubescit.

317 2474 390 2517 12.
452 2474 580 2515 Cesso
610 2474 698 2515 iam
729 2474 784 2515 de
813 2475 912 2525 isto,
945 2480 997 2517 ut
1027 2476 1101 2531 qui
1132 2476 1267 2517 sciam
1298 2490 1367 2517 me
1398 2491 1450 2517 ex
1480 2476 1575 2531 ipsa
1605 2477 1793 2517 ueritate
1815 2488 1860 2521 30

231 2549 637 2590 demonstraturum
684 2549 790 2604 quid
835 2565 923 2591 non
968 2551 1086 2601 sint,
1117 2565 1217 2592 cum
1263 2551 1493 2593 ostendero
1539 2551 1645 2605 quid
1690 2551 1792 2593 sint.

233 2622 461 2672 Quantum
503 2623 636 2678 igitur
679 2624 732 2664 de
776 2624 867 2665 deis
909 2625 1079 2676 uestris,
1125 2626 1304 2667 nomina
1346 2626 1621 2667 solummodo
1664 2627 1795 2669 uideo

231 2698 509 2752 quorundam
539 2703 740 2739 ueterum
771 2704 1045 2740 mortuorum
1077 2705 1121 2741 et
1150 2700 1322 2742 fabulas
1352 2700 1482 2741 audio
1514 2705 1558 2741 et
1587 2714 1709 2742 sacra
1740 2701 1795 2742 de

231 2771 392 2813 fabulis
421 2786 703 2827 recognosco:
753 2779 971 2828 quantum
1002 2780 1151 2816 autem
1183 2775 1235 2815 de
1266 2774 1507 2816 simulacris
1535 2774 1652 2830 ipsis,
1686 2775 1791 2816 nihil

231 2847 351 2888 aliud
399 2847 668 2902 reprehendo
719 2863 852 2903 quam
902 2850 1110 2890 materias
1159 2864 1325 2891 sorores
1375 2864 1465 2891 esse
1513 2851 1792 2892 uasculorum
1812 2866 1858 2898 35
