1975 3306
114 120 154 162 p.
181 106 283 148 781.
313 105 382 158 13]
578 102 1023 146 APOLOGETICVS
1058 106 1125 153 22,
1165 104 1218 145 23
1599 104 1680 144 319

115 218 327 274 (Wrongly
371 220 424 260 16
467 217 512 258 in
556 216 697 268 RW.)
737 217 776 258 si
817 216 893 258 tibi
934 215 1182 258 lenticulam
1225 215 1394 271 (lefruto
1436 214 1679 270 inrufatam

115 287 308 330 obtulero.
374 287 493 329 Hier.
519 288 595 344 Ep.
622 288 702 328 107
727 286 798 340 (al.
825 287 869 339 7)
894 286 949 327 ad
972 285 1155 327 Laetam
1178 301 1209 326 c.
1235 289 1257 326 5
1282 300 1343 341 pr.
1374 300 1446 327 nec
1473 285 1680 341 capillum

115 358 291 414 inrufes.
716 408 718 410 q

207 439 402 469 LAPIDES
445 428 541 469 infr.
574 442 605 469 c,
634 429 686 468 41
722 442 783 483 pr.
817 426 935 482 apzal
972 441 1072 481 quos
1109 425 1225 468 Deus
1256 426 1486 481 spernitur,
1517 432 1683 467 statuae

117 498 371 539 adorantur.
434 497 594 538 Arnob.
635 508 703 537 VII
736 498 792 537 48
826 498 893 545 49,
930 511 984 536 on
1023 496 1098 537 ‘ohe
1137 501 1282 537 statue
1318 497 1365 537 of
1401 495 1477 537 the
1521 495 1721 551 Magna5

118 569 261 610 Mater
292 584 338 610 as
370 584 425 609 an
457 568 544 623 ally
576 567 750 623 against)
783 566 1020 608 Hannibal.

745 727 851 770 OAP.
887 728 1049 768 XXIII

207 864 245 904 p.
272 848 325 890 78
348 849 372 890 l.
398 850 451 890 13
476 859 591 889 MAG-1
615 862 646 889 c.
673 850 723 888 21
750 863 788 903 p.
814 847 867 888 70
891 847 914 888 1.
939 848 1005 895 24,
1028 846 1140 888 infra
1162 863 1200 903 p.
1225 849 1279 888 82
1304 848 1327 890 l.
1353 847 1388 889 7.
1445 847 1607 889 Oehler
1628 846 1681 887 ad

120 918 186 959 De
217 918 367 959 Iclolol.
392 920 415 959 9
439 933 478 973 p.
503 919 557 959 38
581 918 604 958 1.
631 919 683 958 16
708 917 835 958 VViss.
899 916 1060 958 Minue.
1087 919 1138 958 26
1162 915 1180 973 ξ,
1203 919 1227 958 9
1261 918 1380 972 mayi
1410 932 1569 973 quoque
1600 932 1678 958 non

119 993 287 1030 tantum
322 988 462 1030 sciunt
497 988 738 1036 daemonas,
772 987 845 1028 secl
879 987 1008 1028 etiam
1045 986 1259 1042 quidquid
1291 987 1494 1029 miraculi
1532 986 1683 1027 ludunt

118 1073 195 1113 per
217 1058 448 1100 daemonas
472 1056 657 1113 faciunt,
680 1057 771 1098 illis
794 1056 1116 1111 adspirantibus
1138 1062 1176 1097 et
1204 1056 1527 1111 infundentibus
1552 1070 1682 1111 prae-
1704 1071 1746 1093 10

118 1128 272 1182 stiqias
294 1128 432 1177 edunt,
455 1128 523 1169 uel
552 1143 658 1182 quae
685 1143 768 1169 non
796 1133 894 1168 sunt
916 1127 1060 1168 uideri
1082 1127 1148 1168 uel
1178 1142 1283 1182 quae
1305 1132 1401 1168 sunt
1427 1141 1507 1167 non
1529 1126 1682 1167 uideri.

121 1197 238 1238 Lact.
263 1209 297 1238 ΙΙ
323 1200 376 1238 14
398 1195 417 1253 ξ
442 1199 494 1239 10
523 1212 745 1253 mayorum
777 1211 939 1252 quoque
968 1212 1042 1238 ars
1065 1197 1201 1238 omnis
1231 1212 1280 1238 ac
1306 1197 1498 1252 potentia
1530 1196 1682 1237 horum

121 1267 458 1321 aspirationibus
480 1273 651 1309 constat.
714 1282 741 1308 a
769 1266 920 1321 quibus
945 1267 1134 1308 inuocato·
1164 1266 1283 1307 uisus
1311 1266 1529 1307 hominum
1552 1280 1682 1320 prae—

122 1336 263 1390 stiyiis
302 1336 615 1378 occaecantibus
645 1335 829 1391 fallunt,
865 1341 910 1376 ut
946 1350 1028 1376 non
1064 1334 1241 1376 ‘uideant
1278 1350 1325 1377 ea
1362 1349 1469 1389 quae
1504 1340 1612 1383 sunt,
1647 1340 1684 1376 et

121 1407 269 1448 uidere
297 1421 339 1448 se
365 1413 515 1462 putent
542 1407 626 1448 illa
655 1420 762 1461 quae
797 1421 877 1447 non
908 1411 1014 1446 sunt.
1080 1406 1132 1447 16
1155 1403 1174 1461 g
1195 1407 1232 1446 4.
1296 1416 1364 1445 VII
1389 1407 1441 1447 13
1464 1403 1483 1461 ξ
1506 1404 1527 1446 7
1561 1405 1684 1447 certis
1706 1419 1746 1450 15

122 1476 386 1518 carminibus
422 1476 526 1518 cieri
568 1475 619 1518 ab
652 1475 808 1531 inferis
849 1475 1020 1516 (zozimas
1062 1480 1100 1516 et
1141 1474 1284 1516 adesse
1326 1480 1363 1516 et
1398 1474 1601 1530 praebere
1642 1488 1684 1515 se

122 1547 322 1588 humanis
351 1546 483 1588 oculis
512 1546 722 1588 ‘uidendas
750 1551 788 1587 et
819 1545 937 1600 loqui
962 1551 1000 1587 et
1020 1544 1178 1601 futura
1201 1545 1463 1600 praedicere.
1526 1543 1683 1585 Iustin.

122 1618 246 1673 Apol.
271 1629 286 1658 1
313 1619 364 1658 18
394 1632 434 1673 p.
458 1618 546 1659 65a
570 1618 636 1657 24.
668 1618 734 1658 34.
767 1615 834 1657 73.
897 1614 1033 1656 Clem.
1064 1615 1252 1671 Recogn.
1284 1626 1331 1656 ΙΙ.
1357 1616 1420 1655 13.
1445 1625 1460 1654 Ι
1485 1617 1507 1655 5
1532 1614 1683 1668 (Hom.

123 1699 139 1728 Ι
164 1691 186 1728 5
218 1699 253 1728 11
278 1688 362 1741 30).
424 1683 650 1728 Herodian
684 1697 732 1726 lv
764 1687 817 1726 12
848 1688 886 1727 8.
948 1684 1205 1726 Tzschirner
1239 1686 1320 1726 149
1344 1698 1429 1738 seq.
1492 1682 1681 1739 Cyprian

124 1757 251 1810 Quod
280 1757 395 1798 idola
419 1756 463 1798 di
492 1772 579 1798 non
609 1756 699 1797 sinb
728 1771 760 1797 c.
785 1758 821 1797 4.
886 1756 1166 1797 Ehnenhorst
1188 1770 1243 1796 on
1266 1754 1426 1797 Arnob.
1449 1766 1465 1795 Ι
1489 1756 1542 1796 43
1566 1769 1604 1810 p.
1628 1757 1684 1796 40
1704 1777 1749 1800 20

124 1831 190 1869 41.
252 1828 365 1884 Aug.
389 1827 592 1870 Consens.
618 1827 783 1883 Euang.
808 1838 823 1867 Ι
847 1829 1001 1868 8-10.
1027 1828 1092 1867 14.
1156 1825 1366 1867 Geffcken
1388 1824 1502 1866 Zwei
1524 1825 1684 1881 Apolo—

123 1904 256 1955 geben
278 1896 433 1951 (1907)
455 1912 494 1953 p.
518 1898 603 1937 240
625 1911 664 1938 n.
688 1898 725 1938 9.

213 1978 559 2008 DEFVNCTORVM
593 1966 798 2022 Porphyr.
826 1965 872 2006 in
902 1965 1057 2007 Euseb.
1092 1965 1241 2021 Praep.
1275 1964 1442 2019 Euang.
1475 1975 1506 2004 V
1530 1965 1584 2005 10
1605 1961 1625 2020 ξ
1646 1965 1684 2005 3.

125 2037 326 2078 Philostr.
361 2036 449 2078 Vii.
483 2036 682 2092 Apollon.
720 2035 853 2091 Tyan.
892 2046 940 2075 IV
977 2037 1030 2077 16
1069 2034 1227 2076 evokes
1264 2033 1457 2074 Achilles
1493 2033 1615 2087 (Eus.
1650 2048 1683 2074 c.

126 2107 313 2148 Hierocl.
338 2109 392 2147 28
414 2106 499 2147 and
523 2108 576 2147 35
601 2106 658 2159 fi),
680 2121 705 2146 a
727 2105 809 2161 girl
834 2117 882 2145 IV
906 2108 959 2145 45
983 2104 1160 2159 (Euseb.
1185 2106 1239 2145 35
1259 2104 1314 2156 f.).
1378 2102 1534 2143 Iustin.
1558 2102 1683 2158 Apol.
1704 2123 1746 2155 25

125 2189 142 2218 Ι
167 2179 220 2218 18
244 2176 348 2230 (and
366 2178 391 2217 8
413 2177 457 2229 2).
521 2175 922 2230 Bouche-Leclercq
944 2174 1201 2216 Divination
1224 2185 1239 2214 Ι
1263 2173 1316 2216 97
1339 2188 1380 2214 n.
1401 2176 1437 2215 1.
1459 2176 1682 2229 ψυχαγω-

125 2250 227 2302 «γεῖν.
292 2246 538 2288 Stallbaum
571 2260 626 2286 on
659 2245 768 2286 Plat.
801 2245 911 2286 Tim.
946 2246 995 2286 71
1022 2257 1063 2293 A,
1094 2259 1182 2300 esp.
1206 2244 1322 2285 Tert.
1355 2243 1408 2284 de
1441 2242 1585 2283 Anim.
1618 2242 1683 2284 57.

127 2318 264 2373 Pauly
282 2317 465 2373 ‘Magia’
482 2332 551 2372 pp.
572 2318 784 2357 1411-2.
829 2316 981 2357 Winer
999 2315 1344 2357 Real-Wbrberb.
1362 2314 1448 2355 and
1466 2313 1683 2355 Schenkel

127 2387 377 2429 Bibel-Lex.
401 2393 421 2408 “
436 2387 470 2427 T
474 2386 958 2441 odbenbeschwbrung.”
1002 2386 1104 2426 Hor.
1130 2384 1262 2440 Epod.
1284 2384 1334 2425 17
1356 2398 1430 2439 eg.
1451 2385 1504 2425 79
1521 2384 1684 2438 possim

127 2464 330 2499 crematos
352 2457 536 2499 ea'citare
556 2462 753 2497 mortuos.
816 2454 906 2496 Sat.
930 2466 945 2495 1
970 2457 995 2495 8
1019 2468 1093 2509 eg.
1119 2455 1258 2495 28-9
1291 2468 1418 2494 cruor
1447 2453 1491 2493 in
1513 2453 1684 2508 fossam
1703 2470 1748 2501 30

127 2527 336 2582 confusus,
360 2533 404 2568 ut
425 2527 523 2568 incle
544 2540 690 2567 manes
711 2525 913 2573 elicerent,
937 2524 1107 2565 animas
1128 2537 1330 2578 responsa
1351 2522 1542 2563 daturas.
1587 2522 1682 2563 Tac.

127 2597 239 2638 Ann.
276 2609 311 2638 ΙΙ
345 2599 398 2638 28
436 2602 662 2652 temptatus
698 2601 744 2636 ut
776 2595 972 2650 infernas
1006 2594 1176 2634 animas
1212 2592 1473 2634 carminibus
1508 2592 1682 2634 eliceret.

128 2666 276 2707 Lucan
305 2678 353 2707 VI
387 2665 629 2707 423—827.
693 2665 805 2706 Stat.
838 2664 971 2705 Theb.
1005 2675 1055 2703 IV
1088 2664 1331 2704 406—645.
1406 2662 1595 2703 Broukh.
1629 2677 1684 2703 on

127 2735 284 2777 Tibull.
307 2747 323 2776 Ι
348 2738 372 2776 2
395 2736 549 2776 45-6.
613 2734 753 2776 Cerda
782 2748 836 2774 on
858 2733 985 2789 Verg.
1017 2732 1103 2773 Ecl.
1127 2734 1152 2772 8
1176 2733 1241 2773 98.
1304 2731 1384 2773 ΟΠ.
1415 2731 1591 2773 Metam.
1614 2743 1683 2772 VH

81 2810 83 2813 ’
131 2806 225 2846 206.
289 2803 351 2846 Cf.
375 2804 509 2846 Grote
533 2804 657 2845 Plato
679 2815 713 2844 ΙΙ
738 2805 833 2846 202.
1702 2812 1746 2844 35
