1975 3306
297 136 350 176 84
874 136 1280 178 TERTVLLIANI

296 251 476 294 Nollent
496 252 648 307 itaque
672 267 750 294 uos
774 258 867 294 tam
891 253 1152 304 fructuosos,
1179 259 1272 295 tam
1296 253 1510 295 officiosos
1533 253 1614 295 sibi
1638 252 1856 300 amittere,

295 333 364 374 uel
396 348 451 374 ne
482 348 508 375 a
538 334 665 376 uobis
697 334 963 389 quandoque
994 349 1020 375 a
1052 334 1309 376 Christianis
1341 334 1561 390 fugentur,
1595 333 1630 375 si
1661 333 1744 374 illis
1776 331 1858 373 sub

298 413 558 465 Christiano,
590 415 767 457 uolente
797 415 924 457 uobis
953 415 1188 457 ueritatem
1219 415 1416 470 probare,
1448 414 1624 456 mentiri
1653 413 1813 454 liceret.

381 550 455 591 24.
517 550 668 592 Omnis
696 551 781 593 ista
811 552 1024 593 confessio
1052 552 1225 593 illorum
1255 566 1342 607 qua
1371 566 1416 593 se
1445 551 1548 592 deos
1576 555 1740 606 negant
1769 564 1859 591 esse

296 645 471 686 quaque
507 645 595 673 11011
631 632 766 673 alium
804 632 935 673 deum
972 632 1241 687 respondent
1275 638 1449 688 praeter
1485 646 1635 682 unum,
1674 631 1743 672 cui
1780 643 1897 675 nos5

295 712 612 767 mancipamur,
649 713 756 754 satis
790 713 949 754 idonea
985 719 1050 755 est
1085 713 1142 754 ad
1177 713 1483 768 depellendum
1518 712 1681 753 crimen
1715 711 1858 753 laesae

299 794 491 835 maxime
518 794 747 836 Romanae
774 795 1002 850 religionis.
1064 794 1108 835 Si
1136 795 1251 835 enim
1277 809 1366 835 non
1393 799 1497 835 sunt
1523 794 1592 835 dei
1619 808 1697 848 pro
1725 798 1857 843 certo,

296 889 376 916 nec
405 876 552 932 religio
581 891 659 931 pro
690 881 808 917 certo
839 881 925 917 est:
973 875 1008 916 si
1037 876 1185 931 religio
1214 890 1302 917 non
1332 881 1410 926 est,
1443 876 1545 930 quia
1574 889 1654 916 1100
1682 874 1751 916 dei
1781 889 1858 929 pro

299 962 430 1007 certo,
457 972 537 998 nec
560 972 640 999 nos
664 972 742 1012 pro
769 961 886 998 certo
911 956 971 997 rei
996 971 1147 998 sumus
1171 956 1313 998 laesae
1336 956 1566 1011 religionis.
1627 956 1688 997 At
1713 970 1734 996 e
1759 969 1858 997 con-

297 1038 430 1079 trario
463 1038 508 1079 in
541 1053 621 1080 uos
653 1038 934 1093 exprobratio
967 1038 1212 1087 resultauit,
1248 1038 1323 1092 qui
1356 1037 1634 1078 mendacium
1668 1037 1859 1079 colentes
1879 1051 1923 1074 10

294 1133 445 1160 ueram
471 1119 721 1174 religionem
749 1119 840 1160 ueri
868 1119 937 1160 dei
965 1133 1053 1160 non
1080 1119 1212 1160 modo
1239 1119 1518 1175 neglegendo,
1549 1119 1654 1174 quin
1682 1119 1858 1174 insuper

297 1200 604 1255 expugnando,
626 1200 672 1241 in
692 1215 846 1241 uerum
869 1200 1147 1241 committitis
1169 1200 1332 1240 crimen
1353 1214 1482 1240 uerae
1502 1199 1856 1255 inreligiositatis.

297 1280 425 1322 Nunc
448 1287 500 1323 ut
523 1287 747 1323 constaret
769 1282 864 1323 illos
889 1281 992 1323 deos
1017 1296 1120 1332 esse,
1146 1295 1291 1323 nonne
1316 1282 1554 1323 conceditis
1578 1282 1631 1323 de
1655 1282 1856 1323 aestima-

296 1362 416 1403 tione
439 1362 661 1403 communi
685 1362 876 1417 aliquem
900 1376 991 1403 esse
1013 1362 1311 1403 sublimiorem
1336 1368 1380 1404 et
1402 1362 1710 1417 potentiorem,
1736 1362 1860 1404 uelut

295 1442 537 1498 principem
568 1443 721 1484 mundi
752 1442 972 1498 perfectae
1001 1443 1228 1498 potentiae
1259 1448 1303 1484 et
1333 1443 1605 1485 maiestatis?
1668 1442 1783 1485 Nam
1815 1449 1859 1486 et
1879 1458 1930 1501 15*

295 1524 356 1565 sic
404 1524 599 1580 plerique
646 1524 888 1580 disponunt
936 1524 1230 1575 diuinitatem,
1281 1529 1333 1566 ut
1379 1524 1615 1579 imperium
1660 1539 1859 1566 summae

297 1604 610 1646 dominationis
635 1619 725 1646 esse
748 1619 880 1660 penes
904 1619 1055 1655 unum,
1081 1604 1223 1646 officia
1247 1605 1339 1646 eius
1361 1619 1494 1660 penes
1518 1605 1682 1647 multos
1704 1605 1856 1655 uelint,

296 1690 348 1726 ut
370 1685 499 1726 Plato
523 1685 677 1727 Iouem
700 1700 911 1741 magnum
933 1685 979 1727 in
1003 1685 1122 1726 caelo
1147 1685 1409 1727 comitatum
1434 1685 1628 1726 exercitu
1651 1685 1860 1728 describit

298 1767 479 1809 deorum
503 1768 667 1823 pariter
690 1773 735 1809 et
758 1767 1037 1809 daemonum.
1098 1767 1259 1821 Itaque
1282 1771 1483 1821 oportere
1507 1771 1552 1808 et
1574 1772 1860 1821 procurantes

299 1854 344 1890 et
383 1849 628 1903 praefectos
668 1854 713 1890 et
752 1848 972 1904 praesides
1012 1848 1176 1903 pariter
1215 1848 1388 1903 suspici.
1450 1848 1510 1889 Et
1549 1853 1700 1889 tamen
1740 1848 1859 1904 quod
1878 1866 1923 1890 20

298 1928 468 1970 facinus
512 1929 714 1971 admittit
757 1929 832 1984 qui
876 1929 1015 1984 magis
1058 1929 1116 1970 ad
1160 1928 1388 1970 Caesarem
1433 1930 1770 1984 promerendum
1815 1935 1861 1971 et

300 2025 478 2065 operam
509 2016 554 2052 et
584 2025 706 2066 spem
738 2025 860 2052 suam
894 2009 1105 2051 transfert
1135 2024 1214 2051 nec
1244 2009 1584 2065 appellationem
1615 2010 1685 2052 dei
1714 2011 1778 2052 ita
1810 2016 1861 2052 ut

298 2091 575 2146 imperatoris
612 2091 654 2132 in
696 2091 843 2146 aliquo
882 2091 1077 2146 principe
1116 2089 1362 2141 confitetur,
1404 2105 1504 2132 cum
1543 2092 1731 2147 capitale
1770 2106 1860 2134 esse

298 2173 516 2214 iudicetur
546 2173 680 2214 alium
711 2178 884 2228 praeter
915 2172 1143 2214 Caesarem
1175 2178 1219 2214 et
1249 2172 1390 2214 dicere
1421 2178 1465 2214 et
1494 2173 1672 2215 audire?
1735 2173 1861 2215 Colat

300 2253 411 2294 alius
426 2253 570 2303 deum,
589 2253 699 2294 alius
715 2253 881 2303 Iouem,
900 2253 1009 2294 alius
1025 2253 1082 2294 ad
1098 2253 1266 2294 caelum
1284 2267 1440 2294 manus
1456 2253 1672 2308 supplices
1688 2254 1857 2304 tendat,
1879 2269 1897 2292 2
1902 2269 1922 2301 5

301 2334 410 2375 alius
431 2334 487 2375 ad
509 2348 630 2374 aram
653 2333 788 2383 Fidei,
813 2333 935 2383 alius,
959 2333 994 2374 si
1016 2333 1097 2374 hoc
1123 2333 1304 2388 putatis,
1328 2333 1467 2374 nubes
1491 2339 1692 2375 numeret
1716 2348 1857 2384 orans,

302 2415 413 2456 alius
435 2415 670 2465 lacunaria,
697 2415 806 2456 alius
830 2429 954 2456 suam
979 2415 1173 2456 animam
1197 2414 1278 2455 deo
1301 2429 1380 2456 suo
1403 2420 1579 2464 uoueat,
1605 2414 1715 2456 alius
1739 2414 1858 2456 hirci.

303 2496 461 2538 Videte
494 2497 609 2537 enim
644 2511 698 2537 ne
733 2502 778 2538 et
812 2497 893 2538 hoc
927 2496 983 2538 ad
1017 2496 1359 2552 inreligiositatis
1393 2496 1579 2552 elogium
1614 2501 1858 2546 concurrat,

305 2577 495 2618 adimere
512 2577 762 2618 libertatem
782 2577 998 2632 religionis
1017 2567 1062 2618 et
1078 2577 1335 2618 interdicere
1354 2577 1578 2632 optionem
1598 2577 1858 2627 diuinitatis,

306 2663 357 2698 ut
385 2672 472 2698 11011
501 2657 631 2699 liceat
660 2658 765 2698 mihi
796 2657 934 2698 colere
963 2671 1094 2712 quem
1123 2657 1268 2707 uelim,
1300 2657 1376 2698 sed
1405 2671 1534 2713 cogar
1563 2658 1700 2698 colere
1730 2672 1860 2712 quem
1880 2674 1925 2706 30

308 2739 455 2779 nolim.
517 2738 656 2779 Nemo
677 2753 721 2780 se
742 2739 798 2780 ab
818 2739 959 2780 inuito
981 2738 1062 2780 coli
1082 2738 1214 2788 uolet,
1237 2753 1291 2779 ne
1312 2739 1442 2780 homo
1463 2738 1653 2793 quidem.
1714 2739 1862 2793 Atque

307 2818 416 2860 adeo
434 2823 478 2859 et
493 2819 721 2873 Aegyptiis
742 2818 951 2873 permissa
969 2823 1035 2860 est
1050 2823 1144 2859 tam
1161 2832 1302 2860 uanae
1322 2819 1645 2873 superstitionis
1665 2823 1863 2874 potestas
