1975 3306
100 138 142 181 p.
168 124 219 165 72
243 123 270 165 l.
296 123 339 176 8]
616 121 1061 164 APOLOGETICVS
1095 124 1145 162 21
1582 123 1660 162 301

101 241 206 293 ’γοῦν
229 237 250 281 ὁ
271 239 350 293 μὲν
372 237 510 290 ἥλιος,
528 236 640 294 ὁρῶν
664 236 740 281 τὸν
763 236 1029 294 δημιουργὸν
1051 237 1210 279 ἑαυτοῦ
1235 237 1281 279 ἐν
1303 238 1365 293 τῴ
1388 235 1664 292 ὑβριζομένῳ

102 309 276 364 σώματι
311 309 589 366 (ἐνεχόμενον,
613 308 690 352 τὰς
728 308 909 353 ἀκτῖνας
944 308 1203 351 συνέστειλε
1235 307 1309 350 καὶ
1343 307 1553 349 ἐσκότισε
1585 306 1666 360 τὴν

100 384 194 436 γῆν.
257 381 378 423 Suid.
403 396 477 422 s.u.
501 380 751 436 Dionysius,
780 379 806 433 ἢ
841 379 889 422 τὸ
924 380 1039 422 θεῖον
1073 379 1247 436 πάσχει
1279 378 1306 432 ἢ
1336 380 1397 434 τῷ
1432 379 1665 435 πάσχοντι

102 451 380 508 συμπάσχει.
444 451 557 506 Aug.
582 450 648 491 De
673 449 768 492 Ciu.
793 449 877 491 Dei
900 461 954 490 ΙΙΙ
978 452 1004 492 3
1027 452 1269 506 (compares
1302 449 1375 491 the
1407 449 1590 505 eclipses
1619 455 1665 491 at

103 520 329 562 Romulus'
351 520 516 573 death).
580 519 674 561 Sun
697 519 783 560 and
813 535 940 561 moon
973 535 1019 561 as
1051 519 1308 561 accessories
1339 519 1386 559 of
1414 518 1665 560 crucifixion
1686 532 1707 564 5

102 591 211 631 from
253 590 348 632 first
391 595 502 631 cent.
542 596 587 631 to
624 589 906 631 renaissance.
960 590 1152 642 (Krause
1189 604 1218 630 s.
1253 605 1288 630 V.
1328 588 1506 642 Somne.)
1545 588 1664 630 Oros.

101 672 170 701 VII
194 662 230 702 3.
279 660 474 701 Lardner
495 662 650 714 (1829)
672 671 741 700 VII
767 661 997 700 105—124
1022 659 1214 700 heabhen
1235 665 1285 715 pt
1310 661 1333 699 2
1352 674 1384 700 c.
1410 661 1474 701 13.
1518 659 1664 715 Bayle.

105 730 335 787 Chapman
366 730 578 771 1734—5.
636 728 794 770 Clarke
818 729 934 770 cited
964 729 1159 785 Phlegon
1182 728 1227 769 in
1251 729 1386 784 Boyle
1410 729 1527 770 Lect.
1554 728 1664 771 1706

104 816 143 857 Ρ.
168 802 265 850 325,
286 801 368 842 but
391 799 642 841 afterwards
669 799 855 840 omitted
887 799 990 848 him,
1018 814 1094 855 eg.
1119 799 1197 840 8th
1221 799 1284 840 ed.
1313 798 1424 840 1732
1447 814 1486 855 p.
1511 800 1606 841 357.

191 886 230 927 p.
256 870 309 912 72
332 870 355 911 1.
381 872 406 911 8
439 881 773 910 PRAEDICATVM
792 884 824 910 c.
847 872 903 910 48
926 884 965 925 p.
991 869 1118 910 1381.
1143 870 1209 909 20.
1271 868 1384 910 Adu.
1409 869 1503 910 Iud.
1529 870 1582 910 13
1605 884 1666 924 pr.
1688 884 1731 906 10

103 943 161 998 (p.
193 941 325 983 7361.
357 941 402 994 5)
434 939 480 980 in
512 939 601 981 this
633 939 754 995 chap.
783 939 917 980 twice.
981 939 1094 979 Adu.
1125 938 1254 980 Marc.
1286 950 1335 980 IV
1367 941 1420 980 10
1447 954 1482 981 a.
1506 955 1559 980 m.
1588 939 1666 989 bis,

104 1028 143 1068 p.
167 1013 250 1052 445
274 1011 316 1052 11.
341 1013 406 1059 25,
431 1008 484 1051 27
510 1009 586 1050 Kr.
609 1011 664 1050 42
688 1024 727 1065 Ρ.
752 1011 836 1051 564
860 1009 883 1049 l.
909 1011 962 1050 16
987 1009 1063 1050 Kr.
1112 1007 1240 1064 Cypr.
1260 1009 1336 1064 Ep.
1357 1010 1411 1050 63
1431 1011 1468 1058 2,
1487 1008 1524 1059 7,
1543 1011 1568 1049 8
1586 1015 1666 1050 cet.

105 1081 255 1138 Migne
271 1092 348 1122 CVI
363 1078 440 1121 48d
454 1080 636 1122 Jahrbb.
655 1082 766 1121 1888
784 1081 968 1121 508-9.
1007 1079 1066 1121 So
1081 1085 1196 1120 -ator
1209 1094 1234 1119 a
1248 1079 1435 1135 prophet
1449 1094 1481 1120 c.
1493 1082 1547 1120 18
1562 1095 1600 1135 p.
1612 1082 1665 1121 58

106 1153 131 1193 1.
151 1151 216 1193 17.
264 1150 391 1207 Cypr.
411 1150 478 1191 De
501 1150 608 1191 Bon.
627 1149 814 1191 Patient.
836 1151 902 1191 16.
948 1149 1061 1191 Adu.
1079 1148 1174 1189 Iud.
1196 1151 1250 1190 10
1268 1149 1292 1189 f.
1308 1164 1348 1204 p.
1368 1149 1451 1191 730
1469 1150 1545 1190 ult.
1567 1164 1667 1190 nam

105 1221 216 1278 quod
245 1222 291 1262 in
305 1221 507 1276 passione
533 1221 623 1262 eius
652 1220 819 1271 accidit,
843 1226 888 1261 'ut
909 1220 1053 1261 media
1081 1220 1171 1261 dies
1200 1219 1501 1269 tenebresceret,
1531 1220 1667 1261 Amos
1688 1240 1731 1271 15

99 1292 311 1348 propheta
355 1291 595 1340 adnuntiat,
640 1291 808 1333 dicens:
851 1297 888 1333 et
921 1291 1013 1340 erit,
1045 1291 1195 1346 inquit,
1232 1291 1279 1331 in
1320 1290 1389 1331 die
1429 1290 1520 1339 illa,
1563 1291 1668 1332 dicit

104 1363 325 1412 Dominus,
359 1362 514 1404 occidet
546 1362 609 1403 sol
645 1362 789 1404 media
826 1363 905 1411 die,
941 1361 1186 1404 tenebrescet
1219 1376 1348 1417 super
1382 1370 1545 1403 terram
1577 1362 1667 1403 dies

108 1431 382 1472 luminis...et
404 1445 567 1486 ponam
592 1444 686 1471 eum
716 1430 842 1485 (μαθέ
870 1429 1029 1471 luctum
1055 1429 1199 1470 dilecti
1225 1435 1262 1470 et
1289 1444 1356 1470 eos
1378 1429 1452 1483 qui
1475 1443 1568 1470 cum
1590 1428 1667 1470 illo

108 1501 233 1556 quasi
262 1501 375 1542 diem
407 1500 715 1541 maeroris...et
742 1505 787 1540 ut
809 1499 1063 1555 prophetiae
1095 1499 1388 1554 implerentur,
1412 1499 1669 1553 properauit

110 1572 199 1613 dies
234 1586 458 1626 'uesperam
488 1569 648 1626 facere,
685 1570 733 1611 id
768 1576 827 1612 est
858 1570 1048 1612 tenebras
1080 1570 1245 1624 efficere,
1278 1584 1384 1624 quae
1420 1569 1563 1610 media
1601 1569 1669 1610 die
1688 1587 1737 1609 20>

100 1641 251 1698 factae
272 1647 378 1682 sunt.
413 1640 630 1698 Laetam.
659 1652 708 1681 IV
733 1643 786 1681 18
809 1638 828 1697 ξ
850 1642 875 1682 3
898 1640 1006 1682 cites
1027 1640 1162 1681 Amos
1185 1643 1210 1681 8
1239 1642 1276 1690 9,
1301 1642 1354 1681 10
1384 1639 1470 1680 and
1491 1638 1510 1696 ξ
1531 1641 1557 1680 4
1580 1639 1609 1680 J
1612 1654 1668 1680 er.

112 1714 164 1753 15
185 1713 208 1753 9
228 1711 356 1765 (from
375 1710 503 1767 Cypr.
522 1710 701 1752 Testim.
722 1722 757 1751 ΙΙ
777 1712 831 1751 23
849 1713 908 1766 (Ρ.
926 1711 1020 1764 91))
1037 1725 1083 1751 as
1101 1710 1177 1750 the
1200 1724 1348 1751 source
1372 1710 1419 1750 of
1435 1709 1592 1750 Matth.
1614 1709 1665 1750 27

112 1784 179 1824 45.
241 1781 308 1822 De
330 1781 469 1822 Ieiun.
496 1783 550 1823 10
573 1797 612 1838 p.
637 1781 718 1822 287
745 1781 768 1822 1.
793 1783 843 1821 21
872 1780 997 1822 VViss.
1021 1780 1165 1835 itaque
1185 1781 1232 1821 in
1253 1795 1346 1821 eam
1372 1794 1496 1834 usque
1519 1779 1669 1820 lteram

111 1850 362 1894 celebranda
392 1865 597 1906 pressura
629 1856 697 1900 est,
720 1850 767 1891 in
793 1865 878 1905 qua
907 1865 934 1891 a
962 1856 1081 1891 sexta
1109 1850 1424 1892 contenebratus
1457 1849 1569 1891 orbis
1600 1849 1668 1891 de-

101 1921 254 1977 functo
276 1921 445 1962 domino
464 1920 638 1975 luyubre
648 1920 759 1976 fecit
776 1920 969 1975 officium,
992 1926 1033 1961 ut
1055 1925 1152 1961 tunc
1174 1926 1211 1961 et
1235 1935 1307 1961 nos
1322 1925 1595 1961 reuertcmzm‘
1611 1919 1669 1960 ad
1688 1939 1706 1960 2
1713 1938 1732 1970 5

111 1989 428 2039 iucunditatem,
443 2004 538 2031 cum
559 1995 597 2031 et
618 1989 803 2030 mundus
824 1989 980 2044 'recepit
1002 1989 1254 2031 claritatem.
1308 1989 1442 2030 Amos
1465 1989 1487 2029 l.
1504 2003 1535 2030 c.
1553 1988 1669 2029 cited

111 2061 199 2101 also
221 2060 333 2116 Aug.
358 2060 435 2115 Ep.
460 2061 542 2101 199
565 2058 584 2115 ἓ
606 2061 661 2100 34
677 2079 714 2093 =
731 2059 797 2100 De
822 2058 916 2101 Ciu.
936 2059 1021 2100 Dei
1044 2070 1099 2099 ΙΙΙ
1123 2062 1188 2100 15.
1241 2059 1369 2100 Breu.
1389 2059 1510 2100 Rom.
1530 2058 1625 2100 Oct.
1644 2060 1668 2100 9

112 2132 207 2172 lect.
233 2143 281 2171 IV
303 2131 695 2185 Dicnysius...cum
718 2130 856 2172 adhuc
885 2131 930 2171 in
959 2130 1215 2185 gyentilitatis
1242 2144 1385 2171 errore
1411 2135 1669 2178 uersaretur,

112 2217 156 2244 ec
194 2202 262 2243 die
298 2216 377 2256 quo
417 2200 611 2242 Christus
647 2200 858 2242 Dominus
896 2201 1012 2242 cruci
1046 2200 1197 2254 affimus
1231 2205 1300 2248 est,
1336 2199 1465 2240 solem
1497 2204 1671 2254 praeter

112 2277 317 2313 naturam
360 2269 560 2325 defecisse
608 2269 965 2318 animaduerten&
1010 2269 1267 2310 exclamasse
1313 2269 1527 2310 traditur:
1574 2273 1671 2309 ‘aut
1690 2284 1738 2315 30

114 2341 228 2382 Deus
248 2345 429 2381 naturae
450 2340 626 2394 patitur,
651 2345 725 2381 aut
746 2339 898 2380 mundi
919 2339 1119 2380 machina
1141 2337 1421 2379 dissoluetur.'
1467 2337 1671 2379 Whiston

114 2410 368 2465 Testimony
389 2409 436 2450 of
458 2408 651 2464 Phlegon
680 2408 940 2449 vindicated.
994 2408 1127 2448 Lond.
1153 2406 1278 2456 1732,
1300 2407 1406 2448 with
1436 2407 1592 2463 replies
1614 2408 1672 2463 by

115 2479 165 2520 A.
188 2481 238 2521 A.
261 2479 400 2534 Sykes
427 2477 680 2531 (1733-4).
744 2477 866 2519 Seru.
896 2478 950 2518 ad
978 2478 1104 2533 Verg.
1133 2477 1284 2533 Georg.
1310 2489 1325 2517 1
1352 2479 1436 2518 465
1460 2477 1501 2518 ff.
1525 2477 1670 2530 (solem

116 2550 209 2604 quis
226 2549 364 2591 dicere
370 2548 540 2604 falsum
556 2548 713 2589 audeat
727 2549 757 2589 2.
769 2580 777 2588 .
790 2547 877 2589 .ille
894 2548 1023 2589 etiam
1038 2547 1236 2588 exstincto
1250 2547 1474 2588 miseratus
1491 2546 1673 2588 Caesare

116 2618 301 2659 Romani
337 2632 431 2658 curn
468 2622 595 2671 caput
629 2616 805 2658 obscura
848 2616 1032 2657 nitidum
1061 2614 1290 2670 ferruyine
1327 2615 1673 2656 texit...insclitis
1692 2633 1738 2664 35

116 2693 376 2729 tremuerunt
397 2686 578 2728 motibus
599 2686 754 2741 Alpes)
776 2691 936 2728 constat
958 2686 1086 2727 occiso
1113 2685 1292 2726 Caesare
1319 2685 1365 2726 in
1391 2691 1537 2727 senatu
1553 2685 1672 2740 prid.

119 2757 188 2799 Id.
219 2757 351 2798 Mart.
382 2757 484 2798 solis
499 2756 644 2812 fuisse
671 2756 880 2812 defectam
908 2755 959 2796 ab
986 2755 1094 2796 hora
1120 2761 1238 2796 sexta
1269 2770 1393 2810 usque
1420 2755 1478 2796 ad
1503 2761 1672 2797 noctem.

121 2827 163 2867 A
190 2827 327 2868 whole
357 2841 461 2882 year
490 2826 604 2867 Plut.
631 2825 713 2866 Iul.
744 2824 865 2867 Caes.
895 2826 949 2866 69
979 2839 1017 2880 Ρ.
1048 2823 1142 2865 741.
1187 2824 1353 2865 Plin.11
1377 2826 1432 2866 30
1453 2822 1472 2880 ξ
1495 2826 1560 2866 98.
1612 2824 1674 2865 At
