1975 3306
242 170 297 211 80
821 166 1226 209 TERTVLLIANI

243 286 400 336 uerba;
437 286 526 327 iam
547 286 647 327 hinc
668 284 987 326 demonstratio
1008 284 1068 325 rei
1087 284 1236 339 ipsius,
1260 298 1347 339 qua
1368 283 1650 325 ostendemus
1670 297 1804 324 unam

243 381 334 408 esse
362 366 591 421 utriusque
619 365 809 407 nominis
838 365 1115 420 qualitatem.
1176 365 1350 407 Edatur
1379 365 1447 406 hic
1477 365 1612 420 aliqui
1640 364 1804 406 ibidem

242 448 324 490 sub
352 448 648 490 tribunalibus
675 448 833 489 uestris
861 461 991 503 quem
1019 447 1232 488 daemone
1259 447 1328 502 agi
1356 451 1541 488 constet.
1602 446 1753 487 Iussus
1780 460 1805 486 a

243 526 441 581 quolibet
463 526 709 568 Christiano
731 526 851 581 loqui
873 525 1053 581 spiritus
1072 525 1143 566 ille
1164 530 1258 566 tam
1280 539 1324 566 se
1346 525 1605 566 daemonem
1627 522 1803 564 confite-

243 605 363 647 bitur
383 604 436 646 de
455 619 559 646 uero
580 619 714 660 quam
735 604 838 646 alibi
859 604 1087 645 dominum
1107 603 1161 645 de
1181 603 1303 645 falso.
1365 604 1516 658 Aeque
1535 603 1805 658 producatur
1823 615 1844 647 5

243 683 400 738 aliquis
424 697 477 724 ex
503 683 568 724 his
594 682 668 738 qui
693 682 747 723 de
772 682 853 723 deo
878 682 972 737 pati
998 682 1320 732 existimantur,
1349 681 1423 737 qui
1448 681 1533 722 aris
1556 681 1805 722 inhalantes

243 775 407 803 numen
432 761 485 802 de
510 760 661 802 nidore
687 759 953 815 concipiunt,
981 759 1057 814 qui
1081 759 1297 800 ructando
1324 763 1545 808 curantur,
1574 758 1649 812 qui
1673 757 1804 798 anhe-

242 839 375 880 lando
401 838 672 894 praefantur.
734 838 827 880 Ista
853 838 949 893 ipsa
975 838 1106 893 Virgo
1134 837 1340 878 Caelestis
1366 836 1617 891 pluuiarum
1643 835 1804 891 pollici-

244 917 394 967 tatrix,
423 917 516 972 ipse
541 917 624 958 iste
651 916 936 971 Aesculapius
963 915 1279 956 medicinarum
1306 913 1645 964 demonstrator,
1674 912 1806 954 aliam

244 995 360 1036 diem
390 995 613 1036 morituris
643 994 849 1036 Socordio
880 999 925 1035 et
954 993 1138 1034 Tenatio
1169 997 1213 1034 et
1242 991 1551 1046 Asclepiodoto
1581 991 1805 1032 summini-
1829 1007 1870 1031 10

243 1074 439 1124 straturi,
459 1074 541 1115 nisi
559 1088 604 1115 se
622 1073 858 1114 daemones
876 1071 1061 1113 confessi
1079 1071 1243 1112 luerint
1260 1070 1506 1112 Christiano
1525 1069 1700 1111 mentiri
1717 1084 1806 1111 non

246 1151 472 1202 audentes,
526 1151 691 1192 ibidem
742 1151 857 1192 illius
909 1149 1144 1191 Christiani
1197 1148 1490 1204 procacissimi
1548 1148 1805 1204 sanguinem

243 1229 438 1271 fundite!
502 1229 617 1279 Quid
646 1229 732 1270 isto
763 1243 892 1284 opere
922 1227 1224 1269 manifestius?
1289 1227 1404 1277 Quid
1435 1227 1516 1267 hac
1546 1225 1806 1281 probatione

243 1307 441 1349 fidelius?
505 1307 771 1362 Simplicitas
807 1306 1007 1347 ueritatis
1042 1306 1087 1347 in
1124 1305 1268 1346 medio
1306 1310 1384 1346 est.
1445 1304 1596 1346 Virtus
1630 1303 1691 1345 illi
1727 1318 1808 1345 sua

244 1386 443 1436 adsistit;
498 1385 605 1426 nihil
642 1385 852 1440 suspicari
889 1384 1050 1425 licebit.
1112 1383 1256 1439 Magia
1293 1388 1373 1424 aut
1410 1382 1556 1437 aliqua
1594 1381 1806 1423 eiusmodi
1827 1397 1868 1429 15

244 1463 418 1505 fallacia
459 1462 551 1504 fieri
594 1462 765 1504 dicitis?
829 1462 929 1503 Non
972 1462 1139 1512 dicetis,
1184 1462 1219 1503 si
1262 1461 1375 1502 oculi
1417 1460 1551 1502 uestri
1595 1465 1640 1501 et
1681 1473 1807 1500 aures

245 1543 523 1599 permiserint
549 1542 688 1584 uobis.
752 1542 867 1593 Quid
895 1547 1045 1584 autem
1072 1542 1174 1583 inici
1202 1546 1350 1597 potest
1377 1541 1587 1582 aduersus
1614 1539 1660 1581 id
1688 1538 1807 1595 quod

245 1620 494 1662 ostenditur
514 1620 635 1661 nuda
657 1619 936 1661 sinceritate?
1000 1619 1043 1661 Si
1066 1619 1204 1661 altera
1226 1624 1352 1674 parte
1374 1632 1475 1659 uere
1497 1617 1566 1659 dei
1588 1621 1706 1667 sunt,
1731 1630 1807 1658 cur

245 1713 337 1741 sese
365 1698 597 1740 daemonia
624 1698 928 1739 mentiuntur?
990 1697 1060 1738 An
1088 1703 1139 1739 ut
1165 1697 1292 1739 nobis
1319 1696 1647 1751 obsequantur?
1710 1694 1807 1736 Iam

246 1791 346 1833 ergo
386 1776 583 1818 subiecta
624 1781 691 1817 est
730 1775 987 1817 Christianis
1026 1775 1236 1816 diuinitas
1275 1779 1436 1824 uestra,
1478 1787 1558 1814 nec
1597 1771 1807 1814 diuinitas
1825 1789 1870 1813 20

245 1855 503 1912 deputanda
531 1860 597 1897 est
623 1869 736 1910 quae
763 1854 941 1896 subdita
969 1859 1036 1895 est
1061 1853 1227 1895 homini
1254 1859 1311 1904 et,
1341 1853 1375 1895 si
1403 1853 1509 1908 quid
1536 1852 1592 1894 ad
1618 1851 1808 1894 dedecus

246 1933 366 1984 facit,
396 1932 579 1974 aemulis
606 1932 707 1974 suis.
769 1931 813 1973 Si
840 1931 978 1973 altera
1005 1936 1132 1986 parte
1159 1930 1394 1972 daemones
1421 1934 1526 1971 sunt
1553 1929 1622 1970 uel
1650 1928 1804 1984 angeli,

248 2025 324 2052 cur
348 2025 393 2052 se
417 2009 521 2052 alibi
546 2024 624 2066 pro
650 2010 741 2051 deis
766 2023 892 2065 agere
916 2008 1210 2064 respondent?
1273 2007 1388 2049 Nam
1413 2007 1528 2049 sicut
1551 2007 1612 2048 illi
1637 2006 1713 2062 qui
1737 2006 1806 2048 dei

248 2090 467 2132 habentur
504 2089 739 2131 daemones
776 2102 821 2129 se
858 2087 1000 2129 dicere
1036 2087 1290 2137 noluissent,
1330 2086 1365 2128 si
1402 2100 1503 2127 uere
1540 2085 1610 2126 dei
1648 2089 1804 2135 essent,

247 2168 411 2210 scilicet
435 2182 490 2209 ne
515 2181 560 2209 se
586 2167 639 2208 de
665 2166 898 2207 maiestate
923 2165 1205 2220 deponerent,
1233 2165 1296 2206 ita
1323 2169 1367 2205 et
1391 2164 1477 2214 isti,
1506 2177 1615 2218 quos
1641 2162 1806 2204 directo
1825 2177 1868 2210 25

247 2246 486 2288 daemonas
516 2246 668 2295 nostis,
701 2259 790 2286 non
822 2243 1036 2285 auderent
1066 2242 1169 2284 alibi
1201 2257 1279 2298 pro
1311 2242 1402 2284 deis
1433 2255 1571 2297 agere,
1605 2241 1639 2282 si
1671 2240 1806 2296 aliqui

248 2324 425 2365 omnino
464 2323 533 2365 dei
571 2328 728 2373 essent,
769 2336 956 2377 quorum
993 2320 1244 2363 nominibus
1282 2325 1482 2361 utuntur.
1543 2318 1806 2359 Vererentur

249 2402 363 2443 enim
404 2402 529 2443 abuti
570 2401 802 2443 maiestate
842 2399 1061 2454 superiore
1101 2399 1193 2440 sine
1233 2399 1367 2440 dubio
1409 2403 1453 2439 et
1493 2396 1803 2439 timendorum.

251 2479 369 2520 Adeo
391 2480 510 2521 nulla
534 2485 600 2521 est
621 2479 832 2520 diuinitas
853 2478 938 2520 ista
961 2492 1095 2532 quam
1117 2477 1290 2526 tenetis,
1316 2476 1431 2531 quja,
1457 2475 1491 2516 si
1515 2478 1639 2524 esset,
1664 2488 1805 2529 neque

248 2572 273 2598 a
296 2557 536 2599 daemoniis
558 2557 856 2599 adfectaretur
877 2557 922 2597 in
945 2552 1214 2597 confessione
1235 2568 1377 2609 neque
1399 2568 1424 2594 a
1446 2552 1537 2593 deis
1558 2557 1802 2607 negaretur.
1824 2567 1868 2599 30

249 2635 356 2676 Cum
395 2649 493 2689 ergo
530 2641 718 2689 utraque
753 2649 855 2689 pars
890 2633 1110 2675 concurrit
1143 2633 1188 2674 in
1225 2631 1539 2673 confessionem
1575 2630 1679 2672 deos
1715 2644 1806 2672 esse

248 2726 424 2767 neganS,
457 2713 679 2767 agnoscite
710 2726 847 2753 unum
883 2726 1019 2767 genus
1055 2725 1157 2761 esse,
1189 2710 1234 2752 id
1270 2715 1337 2751 est
1367 2709 1617 2758 daemonas,
1651 2722 1804 2749 uerum

248 2789 495 2844 utrobique.
556 2790 651 2830 Iam
687 2790 791 2831 deos
825 2789 1034 2845 quaerite.
1097 2789 1215 2839 Quos
1249 2788 1364 2829 enim
1399 2787 1802 2842 praesumpseratis,

248 2867 485 2909 daemonas
533 2882 623 2909 esse
671 2868 942 2923 cognoscitis.
1004 2867 1172 2909 Eadem
1220 2881 1323 2908 uero
1371 2880 1502 2921 opera
1548 2870 1699 2907 nostra
1747 2865 1803 2907 ab
