1975 3306
264 181 317 220 48
844 175 1177 217 TERTVLLIA
1186 174 1249 215 NI

262 294 420 343 facitis,
450 294 552 334 licet
586 306 675 333 11011
707 291 942 333 nobiliores
976 290 1045 331 dei
1073 295 1257 339 ueteres,
1285 295 1435 330 tamen
1464 287 1778 329 contumeliam
1806 301 1834 327 a

263 375 390 416 uobis
425 373 709 429 deputabunt
743 372 825 413 hoc
865 377 910 413 et
943 371 1039 412 aliis
1077 371 1249 412 licuisse
1288 370 1408 425 quod
1446 370 1548 411 solis
1587 368 1835 423 antiquitas

264 457 466 498 contulit.

348 587 421 628 14.
482 586 591 627 Volo
620 591 665 627 et
691 586 803 627 ritus
829 590 1000 626 uestros
1028 598 1271 625 recensere:
1316 598 1405 625 non
1433 583 1530 624 dico
1559 582 1709 638 quales
1737 582 1832 623 sitis

262 670 307 710 in
341 668 641 718 sacrificando,
679 682 779 708 cum
815 671 967 707 enecta
1003 671 1048 707 613
1081 665 1286 707 tabidosa
1321 671 1366 707 et
1398 665 1596 706 scabiosa
1631 678 1832 719 quaeque
1852 676 1875 707 5

263 751 483 800 mactatis,
535 764 634 791 cum
683 749 737 790 de
785 748 942 804 opimis
992 753 1036 789 et
1082 748 1263 803 integris
1310 761 1583 802 superuacua
1632 760 1832 801 quaeque

263 832 492 882 truncatis,
530 830 725 886 capitula
760 836 805 872 et
838 830 1037 886 ungulas,
1074 844 1187 884 quae
1221 829 1341 871 domi
1375 843 1551 884 quoque
1585 828 1730 884 pueris
1763 828 1833 868 uel

264 914 447 956 canibus
487 912 802 963 destinassetis,
839 923 946 953 'cum
987 911 1252 953 dedecima
1293 910 1494 952 Herculis
1534 924 1614 952 1160
1654 910 1833 951 tertiam

264 1000 437 1050 partem
459 995 503 1036 in
526 1009 648 1035 aram
672 994 763 1035 eius
784 993 996 1048 inponitis
1020 992 1228 1046 (laudabo
1252 992 1390 1047 magis
1412 992 1689 1047 sapientiam,
1715 991 1833 1046 quod

262 1078 318 1119 de
349 1077 521 1132 perdito
554 1075 720 1130 aliquid
752 1075 951 1130 eripitis),
985 1074 1061 1116 sed
1093 1088 1329 1116 conuersus
1359 1074 1417 1115 ad
1447 1074 1618 1115 litteras
1648 1077 1831 1122 uestras,
1856 1086 1903 1109 10

265 1158 425 1213 quibus
453 1157 754 1199 informamini
783 1156 840 1198 ad
868 1155 1152 1211 prudentiam
1181 1161 1227 1197 et
1253 1155 1449 1197 liberalia
1478 1155 1633 1205 officia,
1665 1159 1834 1210 quanta

263 1241 440 1282 inuenio
465 1239 677 1281 ludibria!
721 1239 826 1280 deos
849 1239 965 1280 inter
989 1253 1033 1279 se
1057 1243 1238 1293 propter
1263 1238 1474 1279 Troianos
1497 1242 1543 1278 et
1567 1236 1760 1277 Achiuos
1784 1241 1836 1276 ut

264 1322 560 1378 gladiatorum
600 1321 724 1376 paria
764 1334 1016 1376 congressos
1056 1320 1343 1376 depugnasse,
1386 1319 1600 1360 Venerem
1642 1318 1834 1359 humana

265 1405 429 1461 sagitta
451 1405 710 1454 sauciatam,
736 1403 856 1459 quod
877 1403 1016 1444 filium
1038 1417 1167 1444 suum
1190 1403 1369 1443 Aenean
1391 1415 1530 1457 paene
1551 1401 1834 1442 interfectum

266 1485 321 1526 ab
355 1485 509 1526 eodem
540 1484 755 1526 Diomede
786 1498 938 1539 rapere
969 1484 1115 1534 uellet,
1150 1483 1338 1524 Martem
1369 1483 1580 1524 tredecim
1612 1481 1835 1523 mensibus
1857 1497 1901 1529 15

265 1572 310 1613 in
331 1572 518 1613 uinculis
538 1586 678 1627 paene
699 1576 1026 1626 consumptum,
1050 1570 1217 1621 Iouem,
1240 1584 1295 1611 ne
1316 1570 1501 1611 eandem
1522 1569 1613 1610 uim
1634 1584 1659 1610 a
1681 1569 1834 1610 ceteris

266 1658 497 1700 caelitibus
532 1658 814 1713 experiretur,
852 1672 984 1713 opera
1019 1657 1248 1699 cuiusdam
1284 1657 1469 1698 monstri
1503 1656 1752 1706 liberatum,
1791 1660 1835 1696 et

266 1760 385 1788 nunc
429 1744 608 1786 flentem
655 1745 918 1800 Sarpedonis
964 1759 1127 1795 casum,
1175 1758 1293 1785 nunc
1338 1743 1464 1785 foede
1508 1742 1743 1784 subantem
1789 1743 1834 1783 in

268 1847 460 1874 sororem
500 1832 581 1874 sub
618 1832 1036 1873 commemoratione
1069 1845 1159 1873 non
1190 1831 1254 1872 ita
1284 1830 1544 1872 dilectarum
1573 1829 1833 1884 iampridem

268 1918 523 1960 amicarum.
585 1918 758 1959 Exinde
796 1918 894 1973 quis
931 1932 1020 1959 non
1058 1922 1190 1972 poeta
1230 1931 1283 1958 ex
1321 1917 1588 1958 auctoritate
1627 1915 1834 1971 principis
1855 1932 1902 1954 20

268 2006 334 2047 sui
374 2005 660 2047 dedecorator
697 2005 922 2047 inuenitur
960 2005 1169 2046 deorum?
1232 2004 1318 2045 Hic
1356 2003 1604 2058 Apollinem
1643 2002 1833 2043 Admeto

269 2093 357 2147 regi
380 2092 609 2146 pascendis
631 2091 862 2147 pecoribus
884 2091 1063 2142 addicit,
1087 2091 1158 2132 ille
1181 2090 1378 2145 Neptuni
1400 2089 1658 2132 structorias
1680 2103 1834 2144 operas

269 2178 560 2220 Laomedonti
589 2179 719 2220 locat.
781 2178 864 2220 Est
892 2183 938 2220 et
965 2179 1036 2219 ille
1065 2178 1119 2220 de
1148 2178 1294 2232 lyricis
1324 2177 1582 2230 (Pindarum
1613 2177 1726 2229 dico)
1759 2176 1833 2231 qui

270 2265 577 2320 Aescolapium
607 2265 727 2307 canit
755 2265 969 2306 auaritiae
999 2265 1168 2315 meritO,
1201 2264 1304 2319 quia
1334 2264 1597 2305 medicinam
1626 2268 1834 2304 nocenter

271 2351 515 2415 exercebat,
542 2351 724 2393 fulmine
746 2351 1005 2393 iudicatum.
1067 2351 1208 2392 Malus
1232 2351 1445 2406 Iuppiter,
1471 2351 1506 2392 si
1530 2349 1695 2391 fulmen
1718 2349 1832 2391 illius
1853 2364 1898 2396 25

272 2442 350 2487 est,
375 2438 536 2492 impius
557 2438 601 2479 in
624 2443 844 2493 nepotem,
868 2438 1045 2480 inuidus
1067 2438 1111 2479 in
1134 2437 1361 2479 artificem.
1421 2437 1544 2478 Haec
1565 2451 1707 2491 neque
1729 2451 1832 2477 uera

274 2524 398 2578 prodi
422 2538 561 2578 neque
585 2524 694 2566 falsa
717 2525 905 2579 confingi
928 2524 1047 2579 apud
1069 2524 1411 2580 religiosissimos
1433 2523 1680 2578 oportebat.
1742 2522 1782 2563 N
1787 2537 1833 2564 60

272 2610 423 2665 tragici
448 2610 625 2664 quidem
646 2616 726 2652 aut
747 2611 899 2652 comici
921 2616 1122 2666 parcunt,
1146 2615 1198 2652 ut
1217 2625 1306 2651 non
1327 2624 1558 2651 aerumnas
1580 2609 1648 2650 uel
1671 2624 1834 2651 errores

274 2696 430 2737 domus
458 2695 640 2736 alicuius
668 2696 736 2737 dei
764 2697 1031 2751 praefentur.
1094 2696 1233 2737 Taceo
1262 2695 1315 2736 de
1343 2695 1624 2750 philosophis,
1656 2694 1833 2736 Socrate

274 2773 522 2831 contentus,
554 2782 627 2836 qui
656 2782 700 2822 in
730 2783 1042 2823 contumeliam
1071 2782 1252 2823 deorum
1282 2795 1489 2836 quercum
1520 2786 1564 2821 et
1592 2781 1759 2822 hircum
1790 2786 1834 2822 et
1854 2795 1901 2826 30

275 2881 428 2908 canem
456 2867 693 2908 deierabat.
756 2867 840 2908 Sed
867 2873 1099 2923 propterea
1127 2867 1365 2908 damnatus
1393 2871 1460 2907 est
1487 2866 1699 2916 Socrates,
1731 2866 1834 2920 quia
