1975 3306
250 152 327 191 124
827 145 1231 188 TERTVLLIANI

245 271 493 306 uestrarum
516 264 848 319 professionum.
873 261 999 302 facile
1022 261 1134 302 ratio
1158 260 1307 301 haberi
1330 260 1480 315 possit,
1506 260 1633 300 unius
1655 259 1813 314 speciei

247 347 422 402 querela
444 351 714 400 conpensata
736 359 813 399 pro
837 343 1068 384 commodo
1091 348 1334 383 ceterarum
1357 342 1592 383 rationum.

329 478 403 519 43.
465 478 599 518 Plane
629 476 883 525 confitebor,
917 476 1111 530 quinam,
1144 475 1178 516 si
1208 475 1334 524 forte,
1368 489 1467 515 uere
1498 474 1551 515 de
1581 474 1814 515 sterilitate

247 560 594 602 Christianorum
639 557 845 612 conqueri
890 557 1072 611 possint.
1135 557 1269 597 Primi
1315 561 1443 597 erunt
1486 556 1674 604 lenones,
1721 568 1813 609 per-

248 642 465 689 ductores,
490 639 716 695 aquarioli,
741 644 837 679 tum
859 638 1013 686 sicarii,
1038 637 1274 681 uenenarii,
1299 626 1428 691 magi,
1451 637 1559 677 item
1581 633 1813 689 aruspices,
1837 650 1857 681 5

249 722 383 770 arioli,
411 720 728 762 mathematici.
791 719 872 760 His
895 718 1191 760 infructuosos
1217 732 1306 759 esse
1331 732 1516 772 magnus
1541 722 1605 757 est
1631 716 1813 757 fructus.

252 803 309 844 Et
347 808 498 843 tamen
535 801 830 856 quodcunque
867 800 1146 856 dispendium
1184 805 1249 840 est
1286 799 1345 839 rei
1384 803 1556 839 uestrae
1593 812 1668 852 per
1705 797 1816 837 hauc

251 889 430 929 sectam,
489 897 588 923 cum
644 882 790 936 aliquo
846 881 1062 936 praesidio
1118 880 1374 934 conpensari
1430 884 1589 934 potest.
1653 877 1817 927 Quanti

251 964 436 1014 habetis,
471 978 559 1004 non
591 963 688 1004 dico
721 963 795 1017 qui
828 963 915 1003 iam
948 962 1001 1003 de
1033 961 1158 1003 uobis
1190 962 1421 1002 daemonia
1455 961 1695 1009 excutiant,
1730 973 1817 999 non

252 1046 348 1087 dico
375 1046 464 1086 iam
492 1045 566 1100 qui
594 1060 672 1099 pro
700 1044 826 1086 uobis
854 1058 1029 1099 quoque
1057 1058 1159 1084 uero
1188 1043 1268 1084 deo
1296 1057 1444 1098 preces
1471 1047 1684 1091 sternant,
1715 1040 1817 1095 quia
1843 1059 1885 1083 10

252 1127 365 1168 forte
387 1141 475 1167 non
499 1126 687 1175 creditis,
713 1125 788 1166 sed
812 1140 835 1166 a
860 1123 1029 1179 quibus
1042 1125 1148 1165 nihil
1171 1125 1325 1165 timere
1348 1124 1550 1179 possitis?

337 1253 412 1294 44.
472 1253 533 1294 At
571 1253 686 1293 enim
723 1252 831 1293 illud
869 1251 1185 1293 detrimentum
1225 1250 1487 1305 reipublicae
1525 1256 1618 1291 tam
1656 1249 1819 1305 grande

255 1349 389 1389 quam
414 1349 568 1375 uerum
593 1348 721 1374 nemo
748 1332 1056 1387 circumspicit,
1083 1332 1203 1372 illam
1228 1332 1431 1372 iniuriam
1458 1331 1652 1372 ciuitatis
1676 1330 1820 1371 nullus

255 1416 478 1471 expendit,
512 1429 611 1456 Cum
642 1420 712 1456 tot
741 1414 845 1455 iusti
875 1413 1183 1468 impendimur,
1217 1427 1317 1453 cum
1348 1418 1417 1454 tot
1446 1413 1700 1453 innocentes
1731 1426 1819 1452 ero-

255 1512 422 1552 gamur.
484 1496 664 1537 Vestros
711 1495 825 1535 enim
871 1495 959 1535 iam
1007 1499 1309 1548 contestamur
1354 1499 1492 1542 actus,
1542 1493 1616 1548 qui
1663 1492 1823 1533 cotidie
1846 1507 1888 1538 15

255 1577 502 1618 iudicandis
522 1576 731 1617 custodiis
751 1575 1022 1630 praesidetis,
1045 1575 1119 1629 qui
1139 1575 1368 1615 sententiis
1388 1575 1524 1629 elogia
1544 1573 1820 1629 dispungitis.

258 1659 342 1699 Tot
367 1673 391 1699 a
416 1657 542 1699 uobis
566 1662 774 1698 nocentes
798 1657 930 1697 uariis
955 1656 1186 1696 criminum
1212 1656 1358 1710 elogiis
1382 1661 1683 1697 recensentur:
1726 1655 1823 1710 quis

257 1742 345 1782 illic
376 1741 568 1789 sicarius,
594 1740 690 1794 quis
720 1738 1065 1787 manticularum,
1099 1738 1195 1792 quis
1225 1738 1457 1792 sacrilegus
1487 1743 1565 1779 aut
1595 1742 1824 1792 corruptor

259 1828 339 1863 aut
354 1821 603 1863 lauantium
618 1821 795 1876 praedo,
813 1820 910 1874 quis
928 1834 980 1860 ex
994 1819 1076 1860 illis
1094 1819 1227 1860 etiam
1243 1819 1516 1860 Christianus
1529 1818 1819 1861 adscribitur?

260 1908 339 1944 aut
360 1917 459 1943 cum
482 1901 716 1943 Christiani
739 1915 816 1941 suo
839 1900 969 1941 titulo
991 1899 1248 1949 offeruntur,
1273 1900 1370 1954 qius
1393 1914 1444 1940 ex
1466 1900 1548 1940 illis
1569 1900 1702 1941 etiam
1724 1899 1824 1940 talis
1845 1913 1891 1936 20

261 1985 411 2039 quales
449 1989 519 2025 tot
556 1984 790 2024 nocentes?
855 1983 920 2023 De
958 1982 1115 2023 uestris
1153 1996 1323 2036 semper
1361 1988 1536 2023 aestuat
1575 1996 1730 2031 carcer,
1771 1981 1825 2022 de

262 2065 419 2106 uestris
458 2079 628 2119 semper
667 2064 845 2104 metalla
885 2063 1120 2117 suspirant,
1163 2063 1216 2103 de
1256 2064 1413 2104 uestris
1451 2078 1621 2118 semper
1659 2063 1826 2104 bestiae

262 2147 533 2201 saginantur,
585 2146 639 2187 de
688 2146 845 2187 uestris
895 2159 1065 2199 semper
1114 2145 1348 2186 munerarii
1398 2145 1630 2186 noxiorum
1679 2158 1826 2200 greges

263 2232 464 2282 pascunt.
526 2227 666 2267 Nemo
709 2227 794 2267 illic
838 2225 1123 2275 Christianus,
1169 2226 1250 2266 nisi
1294 2226 1422 2280 plane
1465 2231 1643 2267 tantum
1685 2225 1825 2266 Chris-

264 2308 424 2357 tianus,
456 2313 535 2348 aut
563 2307 597 2348 si
626 2312 670 2348 et
699 2307 830 2356 aliud,
861 2306 949 2347 iam
978 2320 1066 2347 non
1095 2306 1380 2347 Christianus.
1849 2320 1893 2353 25

349 2433 424 2474 45.
484 2432 576 2474 Nos
597 2447 696 2488 ergo
718 2433 796 2474 soli
817 2433 1084 2474 innocentes.
1149 2433 1263 2483 Quid
1285 2434 1456 2483 mirum,
1481 2433 1515 2474 si
1536 2447 1709 2474 necesse
1731 2434 1823 2474 est?

267 2513 504 2554 Enimuero
536 2527 708 2554 necesse
740 2519 818 2554 est.
880 2513 1186 2554 Innocentiam
1218 2528 1243 2554 a·
1274 2514 1355 2555 deo
1387 2513 1531 2555 edocti
1563 2519 1607 2555 et
1637 2513 1828 2568 perfecte

267 2608 364 2634 eam
399 2593 616 2644 nouimus,
654 2599 705 2635 ut
739 2609 764 2634 a
800 2593 993 2648 perfecto
1029 2594 1238 2649 magistro
1274 2595 1527 2644 reuelatam,
1566 2600 1610 2636 et
1643 2594 1829 2636 fideliter

268 2674 553 2724 custodimus,
576 2680 626 2716 ut
645 2674 700 2716 ab
720 2674 1090 2729 incontemptibili
1109 2674 1354 2729 dispectore
1373 2675 1645 2716 mandatam.
1695 2675 1829 2717 Vobis

269 2761 419 2797 autem
447 2755 642 2797 humana
669 2755 919 2797 aestimatio
946 2755 1245 2797 innocentiam
1273 2755 1470 2804 tradidit,
1501 2756 1694 2797 humana
1722 2756 1829 2797 item
1850 2773 1896 2806 30

270 2836 514 2878 dominatio
538 2836 796 2891 imperauit3
838 2835 940 2877 inde
964 2850 1043 2876 nec
1066 2836 1220 2890 plenae
1244 2850 1323 2877 nec
1347 2836 1456 2877 adeo
1481 2836 1704 2878 timendae
1727 2837 1831 2878 estis
