1975 3306
154 181 196 222 p.
226 167 355 210 1241.
381 168 423 221 5]
619 166 1065 209 APOLOGETICVS
1098 170 1167 218 42,
1203 169 1258 208 43
1632 167 1717 206 423

242 298 278 338 p.
306 285 387 324 122
414 284 435 325 Ι.
460 286 512 324 131
542 296 810 325 TEMPLATIM
844 283 917 326 ῐίπ.
941 282 1017 339 εἰρ.
1080 284 1128 325 cf.
1152 298 1185 325 c.
1210 286 1262 324 15
1293 282 1531 325 Christiani
1559 281 1717 336 templa

152 368 224 395 nec
246 354 435 396 interdiu
470 361 636 396 norunt.

240 435 519 465 VECTIGALIA
568 425 724 466 Iustin.
770 425 894 480 Apol.
932 436 962 466 1.
1004 423 1055 465 17
1101 421 1262 480 φόρους
1306 421 1350 465 δὲ
1392 423 1467 463 καὶ
1505 419 1715 475 εἰσφορὰς

151 496 241 540 Τοῖς
280 494 351 548 ὑφ’
387 495 506 547 ὑμῶν
539 494 822 549 τεταγμένοις
854 497 1093 551 πανταχοῦ
1125 492 1211 547 πρὸ
1245 491 1426 534 πάντων
1455 491 1713 548 πειρώμεθα

152 563 314 621 φέρειν,
348 566 404 611 ὡς
437 565 734 622 ἐδιδάχθημεν
766 564 871 619 παρ’
905 565 1041 607 αὐτοῦ
1073 565 1233 621 (citing
1267 564 1390 605 Luke
1418 566 1473 605 20
1502 565 1568 604 22.
1597 564 1682 615 25).
1735 574 1755 606 5

236 650 275 691 p.
311 638 393 676 122
427 636 451 677 l.
485 638 540 677 32
573 647 746 677 ALIENO
778 636 832 677 ad
865 641 952 678 nab.
986 647 1001 676 Ι
1035 638 1061 676 4
1093 635 1164 676 fin.
1199 634 1509 682 abstinentiam,
1543 649 1629 689 qua
1660 633 1712 675 ab

149 705 288 746 alieno
321 711 616 760 temperamus.
678 705 734 747 ib.
769 708 791 746 5
826 720 866 761 p.
900 707 954 747 65
988 705 1013 746 l.
1047 707 1101 745 24
1135 704 1260 746 VViss.
1301 719 1377 746 cur
1407 704 1491 753 ille,
1522 703 1711 759 inquitis,

137 774 391 830 fraudator,
423 775 462 816 si
493 775 745 817 abstinentes
777 775 1048 817 Christiani?

235 860 273 900 p.
306 847 390 885 124
422 845 446 887 l.
480 847 501 886 1
538 856 889 886 PROFESSIONVM
926 844 1039 885 Adu.
1063 845 1193 887 Marc,
1216 855 1247 884 v
1272 847 1293 885 1
1318 859 1357 900 p.
1382 845 1465 886 569
1489 844 1513 885 l.
1538 845 1590 884 12
1615 843 1692 887 ΚΓ.

233 930 272 971 p.
298 917 382 957 124
412 916 435 958 l.
461 918 485 956 2
517 928 603 957 PRO
636 916 810 957 Ashton
831 917 917 971 (ap.
942 915 1143 968 Woodh.)
1166 915 1296 957 omits
1326 930 1372 956 or
1400 914 1588 970 changes
1618 913 1711 955 into
1734 931 1777 953 10

145 1002 241 1029 cum
273 990 339 1041 (as
371 1003 403 1029 c.
434 989 520 1040 43).
595 987 665 1029 Ad
699 988 825 1029 Mart.
857 989 884 1027 4
915 1003 970 1028 m.
1009 1002 1104 1029 cum
1134 1001 1176 1028 se
1207 1001 1477 1041 unum...pro
1508 985 1706 1026 multis...

144 1058 413 1113 compensari
444 1057 657 1100 noluisset.

780 1178 887 1221 CAP.
922 1178 1078 1219 XLIII

230 1281 270 1322 p.
290 1267 374 1307 124
396 1266 420 1308 l.
439 1268 464 1308 3
488 1272 568 1308 cet.
591 1267 751 1308 Arnob.
777 1278 793 1306 Ι
824 1268 879 1307 24
900 1272 1045 1308 ‘uestra
1066 1272 1163 1308 sunt
1184 1266 1295 1315 haec,
1321 1271 1461 1307 uestra
1483 1271 1580 1307 sunt
1600 1265 1707 1307 irre-

144 1336 292 1392 liyiose
329 1336 507 1392 opinata
543 1343 581 1378 et
617 1337 903 1392 irrel'igyiosius
940 1337 1115 1379 credita.
1168 1337 1269 1392 quin
1305 1336 1447 1385 immo,
1484 1342 1529 1377 ‘ut
1564 1336 1709 1378 ‘uerius

134 1407 388 1462 proloquar,
425 1407 673 1462 haruspices
714 1407 791 1448 has
821 1406 1018 1463 fabulas,
1059 1407 1308 1449 coniectores
1345 1406 1477 1448 arioli
1512 1411 1631 1447 uates
1671 1411 1709 1448 et
1729 1419 1774 1451 15

139 1492 373 1532 numquam
414 1493 497 1519 non
533 1479 641 1519 uani
677 1477 980 1519 concinnauere
1011 1477 1217 1533 fanatici,
1255 1477 1328 1532 qui
1363 1491 1414 1518 ne
1449 1490 1553 1517 suae
1594 1481 1709 1518 artes

139 1547 350 1588 intereant
371 1561 421 1589 ac
450 1561 501 1588 ne
529 1547 658 1602 stipes
686 1547 862 1602 eoeiyuus
891 1547 1196 1589 consultoribus
1222 1547 1435 1588 ea‘cutiant
1460 1546 1551 1586 iam
1578 1545 1710 1597 raris,

138 1617 177 1658 si
217 1617 386 1672 quando
423 1617 451 1672 †
486 1632 557 1659 uos
597 1618 707 1659 uelle
748 1632 838 1659 rem
884 1618 1026 1659 uenire
1062 1618 1108 1658 in
1144 1616 1362 1658 inuidiam
1405 1622 1710 1671 compererunt,

139 1687 442 1742 ‘ne-oley‘untur
472 1687 542 1730 di'
572 1688 808 1737 clamitant,
837 1693 985 1743 ‘atque
1016 1688 1188 1743 templis
1221 1687 1312 1728 iam
1342 1686 1508 1728 raritas
1537 1700 1704 1727 summa

137 1762 205 1798 est.
267 1757 405 1799 iacent
436 1757 639 1812 antiquae
668 1757 832 1799 derisui
857 1757 1143 1799 caerimoniae
1172 1762 1209 1798 et
1239 1771 1462 1798 sacrorum
1490 1755 1703 1811 quondam
1724 1772 1775 1793 20·

85 1863 87 1865 ,
138 1827 359 1869 vueterrimi
379 1827 491 1869 ritus
512 1828 771 1882 reliyionmn
798 1842 1013 1869 nouarum
1041 1825 1410 1882 superstitionibus
1436 1825 1676 1867 occiderunt
1688 1842 1703 1877 ,-

137 1903 174 1939 et
195 1898 344 1940 merito
365 1897 603 1939 humanum
621 1912 753 1952 [senus
776 1903 833 1939 tot
854 1897 1131 1939 miseriarum
1152 1896 1364 1950 anqustiis
1379 1894 1618 1951 premitur.²

226 1978 266 2007 SI
289 1978 436 2008 FORTE
465 1982 497 2008 c.
518 1969 571 2008 16
595 1981 633 2022 p.
654 1968 708 2007 54
731 1967 800 2007 18
823 1982 863 2008 n.
882 1968 936 2007 38
956 1967 980 2008 f.
1003 1981 1043 2022 p.
1063 1968 1146 2008 110
1171 1966 1193 2008 l.
1214 1968 1268 2007 20
1290 1981 1327 2006 n.
1348 1967 1400 2006 41
1425 1980 1463 2021 p.
1486 1966 1568 2006 120
1591 1965 1615 2006 1.
1636 1967 1700 2007 19.

135 2037 190 2078 ad
221 2043 309 2079 nat.
345 2049 361 2078 Ι
394 2038 521 2091 12(.2)
546 2039 599 2078 15
632 2052 672 2092 p.
697 2039 750 2078 85
784 2037 807 2078 l.
842 2039 895 2078 23
919 2036 1044 2077 VViss.
1108 2035 1175 2077 De
1208 2035 1311 2076 Pall.
1346 2037 1370 2076 2
1402 2050 1441 2091 p.
1467 2051 1519 2076 m.
1542 2050 1579 2091 p.
1608 2036 1699 2077 127.

135 2106 206 2147 Ad
229 2106 356 2148 Mart..
383 2109 404 2147 1
426 2107 450 2147 f.
514 2106 580 2147 De
604 2105 699 2148 Cor.
724 2105 854 2147 Mihi.
880 2108 915 2147 5.
1721 2123 1766 2155 25

224 2191 262 2231 p.
298 2177 382 2217 124
414 2176 438 2217 l.
469 2177 496 2216 4
529 2186 739 2216 LENONES
771 2190 803 2216 o.
829 2177 894 2217 50.

223 2256 551 2286 PERDVCTORES
584 2244 671 2287 Cic.
702 2244 748 2285 in
779 2245 959 2286 Verr.11
992 2244 1048 2298 (1)
1082 2242 1178 2300 §33
1211 2244 1417 2292 lenonum,
1449 2243 1699 2293 aleatorum,

128 2315 447 2370 perductorum.
517 2315 582 2356 Ps.
621 2315 776 2356 Ascon.
813 2314 868 2355 ad
906 2315 930 2355 1.
971 2314 1135 2356 lenones
1175 2320 1273 2356 sunt
1313 2319 1557 2362 scortorum,
1598 2328 1697 2368 per-

133 2386 325 2427 oluctores
373 2387 503 2428 etiam
551 2386 793 2427 inuitarum
835 2400 1135 2441 personarum,
1180 2391 1216 2427 et
1263 2385 1310 2425 in
1358 2384 1507 2440 quibus
1546 2389 1698 2439 stupra

133 2456 317 2497 excercitu
355 2455 514 2510 legyibus
549 2455 840 2496 uindicantur.
903 2455 996 2495 The
1030 2455 1134 2495 verb
1168 2454 1204 2495 is
1239 2454 1345 2495 used
1381 2454 1439 2509 by
1471 2452 1557 2495 Cic.
1592 2453 1695 2494 Hor.
1716 2469 1764 2500 30

134 2524 215 2567 Ou.
254 2524 376 2567 Suet.
439 2524 682 2565 Woodham
720 2523 828 2565 cites
864 2524 964 2566 Ern.
999 2524 1053 2564 ad
1091 2524 1187 2564 Tac.
1222 2523 1338 2565 Hist.
1374 2535 1389 2564 Ι
1425 2525 1490 2563 25.
1554 2522 1693 2564 Plani.

132 2595 253 2637 Asin.
286 2607 302 2636 Ι
335 2597 361 2637 3
395 2597 460 2636 12.

220 2679 260 2719 p.
305 2665 389 2704 124
432 2663 464 2704 1.Ἴ
500 2665 524 2704 5
578 2673 832 2711 AQVARIOLI
872 2677 986 2717 puer
1033 2662 1194 2704 lenonis
1236 2662 1296 2704 sic
1338 2661 1499 2703 (licitur
1540 2661 1691 2704 Loewe

134 2733 349 2774 Prodrom.
383 2734 479 2774 419.
544 2731 607 2774 Cf.
640 2731 771 2787 Apul.
803 2732 928 2787 Apol.
964 2731 1028 2774 78.

219 2813 390 2843 SICARII
428 2817 459 2844 c.
496 2801 549 2843 37
593 2802 711 2857 apud
751 2802 881 2843 istam
922 2801 1200 2857 disciplinam
1241 2801 1381 2856 mayis
1418 2801 1552 2843 ocoioli
1585 2802 1689 2851 licet,
1711 2815 1756 2846 35

131 2886 261 2927 quam
293 2872 490 2915 occidere.
