1975 3306
289 111 370 151 272
866 105 1273 147 TERTVLLIANI
1528 107 1589 162 [p.
1614 104 1717 147 601.
1743 105 1854 146 27-

288 229 346 282 (p.
380 228 442 277 4⁰)
475 223 496 267 ὁ
529 226 705 281 πρῶτος
740 226 817 276 τῆς
853 226 1047 277 φυσικῆς
1083 222 1362 280 φιλοσοφίας
1396 222 1543 277 ἄρξας,
1626 222 1713 265 Cio.
1747 221 1852 262 Nat.

288 297 413 338 Deor.
438 307 453 336 Ι
475 294 495 352 ξ
517 297 570 336 25
597 295 668 336 Th.
691 293 900 344 Milesius,
923 294 999 349 qui
1014 294 1188 348 primus
1209 293 1260 335 de
1283 293 1440 335 talibus
1461 293 1583 335 rebus
1604 292 1823 348 quaesiuit.

376 382 414 422 p.
439 368 493 407 60
516 366 539 406 l.
565 366 618 405 29
642 375 788 405 SOLON
820 364 917 405 qu.
944 365 997 405 10
1021 363 1204 405 274-5.
1267 363 1455 405 Lasaulx
1486 363 1675 405 Studien
1705 377 1742 418 p.
1766 361 1851 403 487

287 452 326 478 n.
352 438 446 478 137.
504 435 701 491 Magirus
724 434 1035 490 Polymnemon
1059 438 1115 487 (ἓ)
1138 450 1207 476 s.v.
1231 435 1387 476 beatus
1409 450 1448 476 n.
1472 433 1597 476 5—7.
1656 431 1853 487 [Iustin]

248 522 267 554 5
288 508 393 551 Coh.
416 507 470 548 ad
494 507 564 548 Gr.
591 508 645 546 14
666 521 704 561 p.
731 504 815 546 15¹³.

375 593 413 633 p.
439 579 494 619 62
527 577 550 618 l.
575 578 600 617 3
634 587 920 617 AFFECTATIO
949 590 981 616 c.
1013 577 1068 617 46
1095 590 1134 631 p.
1168 578 1250 616 128
1280 575 1303 616 l.
1336 577 1389 616 23
1412 574 1580 616 mimice
1606 571 1853 629 philosophi

288 648 486 704 affectant
517 647 740 689 ueritatem
774 652 811 688 et
842 646 1077 701 affectando
1110 651 1396 701 corrumpunt.

377 736 408 762 c.
432 720 486 761 47
518 735 557 775 p.
583 720 665 760 132
697 719 720 760 l.
752 720 777 760 9
809 718 997 760 homines
1025 718 1203 772 gloriae,
1236 723 1282 759 ut
1313 717 1512 766 diaetmus,
1536 721 1573 758 et
1594 714 1854 770 eloquentiae

287 790 421 831 solius
458 788 686 837 libidinosi,
723 787 868 842 siquid
903 787 948 827 in
985 787 1148 828 sanctis
1185 786 1447 842 offenderunt
1483 785 1668 840 diqest-is,
1704 783 1855 825 eoeinde

225 875 269 898 10
288 866 496 916 reyestum
522 875 606 915 pro
647 859 838 900 instituto
880 858 1142 899 curiositatis
1183 857 1241 898 ad
1276 857 1465 912 propria
1496 860 1721 898 uerterunt.
1784 853 1852 895 De

288 931 433 972 Anim.
469 933 490 971 1
526 945 564 986 p.
601 931 684 972 299
720 929 744 970 l.
785 930 839 970 10
875 928 999 969 Wiss.
1027 928 1306 983 philosophus
1343 928 1511 982 qloriae
1545 925 1722 967 animal.
1785 924 1853 965 De

288 1001 427 1043 Ieiun.
463 1000 514 1042 17
551 1016 590 1056 p.
625 999 706 1042 297
741 1000 765 1041 l.
800 1003 824 1041 5
863 999 988 1040 VViss.
1026 1000 1176 1040 merito
1213 999 1400 1040 homines
1436 998 1572 1040 solius
1608 997 1779 1038 animae
1815 1001 1854 1037 et

289 1072 434 1114 carnis
465 1071 687 1126 spiritalia
719 1069 934 1111 recusatis.
998 1069 1064 1110 De
1098 1068 1225 1124 Bapi.
1259 1071 1285 1109 8
1318 1068 1386 1122 (of
1415 1068 1491 1109 the
1524 1067 1652 1119 dove)
1684 1064 1853 1107 animal

287 1141 580 1197 simplicitatis
611 1146 649 1182 et
680 1140 953 1182 innocentiae.
1018 1139 1084 1180 De
1115 1138 1223 1194 Fug.
1255 1138 1299 1179 in
1330 1138 1442 1179 Pers.
1475 1139 1529 1179 13
1557 1151 1597 1192 p.
1631 1151 1681 1177 m.
1715 1151 1851 1176 'niam-

226 1228 267 1260 15
288 1227 437 1254 monae
458 1211 706 1253 hominibus.
769 1210 898 1266 Apul.
917 1211 1041 1266 Apol.
1061 1213 1145 1251 523
1168 1209 1403 1263 (defended
1420 1209 1478 1265 by
1496 1208 1606 1250 Oud.
1626 1219 1660 1248 ΙΙ
1678 1222 1716 1263 p.
1736 1208 1851 1254 556).

290 1282 398 1324 Plin.
445 1281 558 1323 Hist.
601 1280 705 1322 Nat.
750 1292 852 1321 XXX
897 1282 934 1330 2,
978 1282 1002 1322 6
1044 1278 1064 1337 §3
1107 1281 1160 1321 18
1205 1280 1350 1335 Apion
1389 1278 1701 1334 yrammaticae
1743 1277 1854 1318 artis

288 1352 582 1407 (VVoodham).

378 1438 416 1478 p.
441 1424 494 1464 62
519 1422 542 1463 l.
567 1424 591 1462 5
617 1422 723 1462 from
748 1421 836 1462 this
858 1420 983 1477 point]
1005 1421 1054 1462 cf.
1077 1435 1109 1462 c.
1135 1422 1199 1462 20.

378 1510 417 1551 p.
442 1497 495 1537 62
519 1495 542 1536 l.
568 1496 592 1536 6
617 1503 934 1534 CONSISTEREM
957 1507 988 1533 c.
1012 1494 1038 1532 4
1061 1507 1120 1548 pr.
1145 1492 1219 1544 (al.
1244 1494 1515 1537 concurram)
1539 1491 1593 1531 46
1616 1504 1676 1545 pr.

224 1582 269 1603 20
377 1580 415 1621 p.
441 1567 494 1607 62
518 1565 542 1606 l.
567 1566 591 1605 9
615 1574 892 1604 DISPVNCTIO
915 1577 946 1604 c.
968 1563 1194 1618 1812581.
1216 1565 1268 1604 15
1288 1562 1356 1613 (ef.
1375 1576 1406 1602 e.
1425 1563 1481 1601 44
1499 1575 1537 1616 p.
1564 1559 1688 1600 1241.
1711 1560 1762 1600 16
1778 1559 1850 1607 n.).

290 1636 357 1678 De
380 1637 494 1677 Test.
518 1635 600 1676 An.
623 1637 650 1675 4
672 1650 732 1690 pr.
757 1634 1042 1689 adfirmamus
1068 1639 1105 1674 te
1130 1647 1301 1674 ‹tna-nere
1323 1637 1421 1687 post
1451 1631 1566 1672 ‘uitae
1592 1629 1851 1684 dispunctio-

287 1722 393 1749 nem.
456 1706 523 1748 De
556 1705 701 1746 Anim.
735 1707 790 1747 33
814 1705 838 1746 f.
872 1704 968 1746 bene
995 1703 1243 1759 philosophi
1279 1702 1432 1745 (locetis
1465 1701 1631 1743 ‘utiliter
1662 1699 1852 1741 suadetis

288 1777 453 1818 leuiora
468 1782 566 1831 post
587 1780 764 1816 mortem
784 1773 1000 1829 supplicia
1022 1773 1089 1814 uel
1106 1772 1323 1828 praemia,
1337 1786 1443 1819 cum,
1458 1771 1496 1812 si
1513 1770 1623 1825 quod
1639 1769 1851 1810 iudicium

288 1847 460 1888 animas
482 1851 633 1895 manet,
653 1845 836 1900 ymnius
857 1843 1002 1885 debeat
1032 1844 1150 1885 credi
1176 1843 1223 1884 in
1250 1842 1544 1898 dispunctione
1573 1841 1698 1888 uitae,
1721 1854 1851 1895 quant

223 1935 268 1966 25
287 1917 334 1959 in
363 1916 748 1958 administratione.
812 1914 911 1956 Sen.
935 1913 1062 1955 Breu.
1088 1912 1176 1954 Vin.
1201 1912 1223 1954 7
1248 1910 1267 1968 ἓ
1291 1911 1313 1954 7
1348 1911 1567 1966 dispunye,
1595 1910 1783 1965 inquam,
1814 1915 1851 1951 et

288 2001 450 2029 recense
472 1986 586 2027 uitae
608 1991 704 2027 tuae
726 1984 841 2026 dies:
862 1983 1018 2025 uidetis
1032 1997 1195 2038 paucos
1216 1981 1449 2023 admodum
1469 1986 1507 2022 et
1528 1980 1708 2022 reiculos
1731 1978 1850 2034 apud

289 2062 325 2098 te
346 2056 557 2097 resedisse.

376 2141 415 2182 p.
447 2128 500 2167 62
524 2126 547 2167 l.
581 2127 634 2166 10
666 2134 1012 2166 DISPOSITIONES
1040 2138 1072 2164 c.
1096 2124 1152 2164 30
1181 2137 1241 2178 pr.
1268 2121 1404 2163 sciunt
1435 2120 1530 2176 quis
1560 2119 1652 2161 illis
1683 2119 1850 2161 dederit

288 2196 532 2251 imperium.

223 2283 269 2313 30
376 2281 414 2322 p.
439 2267 493 2308 62
516 2266 540 2307 l.
567 2268 620 2306 14
644 2274 1066 2305 PRAESVMPTIONEM
1088 2278 1120 2303 c.
1139 2264 1194 2303 49
1217 2276 1277 2317 pr.
1297 2261 1397 2302 haec
1418 2265 1515 2301 sunt
1536 2273 1644 2314 quae
1665 2258 1706 2298 in
1732 2257 1849 2299 nobis

287 2335 388 2376 solis
404 2335 772 2390 praesumptiones
792 2338 1010 2375 uocantur.
1056 2331 1157 2372 ibid.
1169 2331 1297 2386 falsa
1323 2344 1430 2371 nunc
1445 2329 1531 2370 sint
1547 2342 1653 2383 quae
1670 2333 1850 2376 tuemur,

288 2411 326 2447 et
361 2405 509 2447 merito
540 2403 919 2460 praesumptiones,
956 2408 1140 2444 attamen
1176 2400 1424 2443 necessaria.
1487 2414 1519 2440 c.
1554 2401 1607 2440 25
1640 2413 1700 2453 pr.
1733 2397 1845 2438 Adu.

289 2475 418 2516 Maro.
437 2487 466 2515 v
491 2479 513 2515 9
533 2490 572 2531 p.
589 2476 669 2516 601
690 2474 714 2515 l.
732 2476 785 2515 13
804 2473 879 2515 Kr.
942 2473 1054 2514 Adu.
1074 2472 1246 2513 Valent.
1269 2473 1296 2512 4
1318 2486 1356 2527 p.
1374 2473 1454 2511 181
1481 2469 1520 2510 ll.
1541 2472 1566 2511 :3
1587 2468 1672 2509 and
1698 2470 1750 2509 18
1770 2467 1845 2508 Kr.

288 2544 355 2585 De
384 2544 528 2585 Anim.
562 2546 615 2586 32
649 2559 709 2599 pr.
742 2543 809 2585 hic
840 2543 1091 2584 dimicemus
1120 2542 1278 2584 necesse
1309 2546 1367 2582 est
1399 2540 1607 2582 aduersus
1636 2543 1844 2593 portento-

223 2628 267 2660 35
287 2615 442 2656 siorem
466 2614 871 2670 praesumptionem.
934 2612 1054 2654 Hier.
1080 2613 1155 2668 Ep.
1182 2614 1265 2653 108
1290 2613 1343 2653 26
1377 2625 1404 2652 a
1432 2625 1497 2651 me
1526 2611 1630 2665 ipso,
1655 2609 1703 2650 id
1731 2614 1790 2650 est
1818 2623 1846 2649 α

281 2686 639 2740 praesumptione,
658 2685 842 2740 pessimo
858 2689 1142 2740 praeceptore.
1186 2683 1298 2738 Aug.
1323 2681 1389 2723 De
1412 2681 1527 2722 Trin.
1552 2691 1586 2721 ΙΙ
1611 2682 1646 2721 1.
1694 2679 1845 2720 Ambr.

289 2754 382 2796 Fid.
406 2754 501 2796 Res.
533 2756 598 2796 27.
662 2755 871 2796 Hexaem.
901 2766 932 2795 V
961 2757 1027 2797 32.
1091 2753 1221 2809 Apul.
1252 2753 1430 2794 Metam.
1461 2763 1512 2792 IX
1543 2752 1598 2792 14
1620 2751 1645 2792 f.
1709 2748 1845 2791 Clem.

289 2824 475 2880 Recogn.
500 2836 514 2865 Ι
540 2827 591 2866 15
614 2839 674 2880 pr.
