1975 3306
254 59 338 98 480
831 56 1238 98 TERTVLLIANI
1469 59 1528 112 [p.
1555 59 1637 99 144
1658 58 1686 100 l.
1711 61 1827 99 28—

254 173 519 214 themselves
567 171 661 213 into
708 187 732 213 a
780 171 906 221 river,
949 171 994 214 ἐν
1037 170 1282 229 (ἶμηχάνοις
1333 171 1493 225 ἑαυτήν
1535 189 1582 214 τε
1626 172 1702 214 καὶ
1744 171 1824 216 τὰς

255 241 419 286 παῖδας
459 239 712 295 θεασαμένη
752 241 827 284 καὶ
864 240 920 282 τὰ
957 240 1184 293 μέλλοντα
1222 241 1272 294 ἐξ
1312 240 1560 298 ἀνθρώπων
1603 241 1721 284 δεινὰ
1763 245 1825 299 τῷ

255 311 376 367 λόγῳ
406 311 673 368 παραθεῖσα,
697 310 746 354 τό
777 329 824 353 τε
855 311 1037 354 πάντων
1065 310 1218 354 δεινῶν
1248 309 1590 368 (ἶφορητότερον,
1613 311 1822 367 πορνείας

255 381 458 436 ἀπειλήν,
493 382 600 435 μηδὲ
639 381 791 437 ἄκροις
833 381 945 423 ὠσὶν
983 381 1219 436 ὑπομεῖναι
1257 380 1346 424 δεῖν
1388 379 1595 424 α’κοῦσαι.
1672 381 1726 423 ib.
1768 384 1826 423 14-

212 469 232 499 5
253 452 292 511 ἒξ
325 457 389 495 15.
426 455 490 495 16.
527 452 592 494 17.
667 453 866 494 Ambros.
899 452 966 493 Do
1005 452 1264 509 Virginibus
1303 464 1336 494 ΙΙ
1375 454 1402 493 4
1438 451 1458 509 ξ
1491 454 1545 494 23
1579 459 1655 495 aut
1685 453 1821 495 saeri-

244 525 383 579 ficare
424 524 641 578 uiryinem
676 529 751 565 (tut
790 522 1001 578 lupanari
1035 523 1243 578 prostitui
1280 522 1431 564 iubent.
1509 524 1557 564 of.
1601 522 1676 564 the
1720 538 1822 580 very

252 594 424 636 curious
459 600 578 650 story
615 594 662 635 of
698 593 776 634 her
812 592 1019 649 escaping
1057 593 1133 634 the
1170 593 1343 634 brothel
1386 592 1431 633 in
1466 593 1542 634 the
1579 593 1744 635 clothes
1781 594 1830 635 of

252 681 277 706 a
311 664 469 706 soldier
502 664 597 705 who
631 669 748 705 went
782 663 827 704 in
866 669 910 705 to
945 663 1033 713 her,
1071 663 1156 704 and
1200 663 1275 704 the
1313 663 1581 719 martyrdom
1619 664 1666 705 of
1701 663 1823 705 both.

252 735 307 778 ib.
340 734 379 792 ἐξ
412 736 596 777 26—33.
659 733 812 775 Allard
850 733 933 775 Les
965 733 1186 775 dernieres
1220 733 1382 774 Perseo.
1418 734 1513 775 237.
1577 733 1821 776 Mommsen

192 822 233 844 IO
254 805 498 848 Strafrecht
532 807 626 847 955.

343 887 665 917 CHRISTIANAM
711 874 869 916 Minue.
904 874 957 916 37
996 873 1016 930 ξ
1049 876 1076 915 4
1111 875 1242 930 pueri
1274 880 1311 916 et
1342 874 1619 917 mulierculae
1651 881 1822 918 nostrae

253 961 396 988 eruces
444 951 481 987 et
526 951 746 994 tormenta,
785 945 915 1001 feras
963 950 1000 987 et
1049 959 1191 986 omnes
1233 945 1546 1000 suppliciorum
1592 946 1821 988 terriculas

254 1018 472 1073 inspirata
500 1017 714 1072 patientia
746 1015 909 1057 doloris
939 1015 1152 1057 inludunt.
1229 1014 1292 1057 Cf.
1326 1015 1476 1056 Ambr.
1511 1015 1688 1057 Exhort.
1726 1015 1818 1056 Vir-

253 1087 378 1144 ginit.
412 1089 463 1127 12
493 1085 600 1142 §82
676 1085 760 1127 Les
792 1084 962 1141 vierges
994 1090 1220 1141 martyres,
1252 1083 1413 1126 suivies
1445 1084 1548 1126 d'un
1579 1085 1823 1141 appendice

191 1175 230 1206 15
253 1173 326 1199 sur
382 1157 424 1198 la
478 1155 701 1198 condition
756 1154 1011 1204 matorielle,
1056 1155 1230 1204 morale,
1278 1154 1509 1211 religieuse
1564 1161 1609 1196 et]
1663 1155 1848 1210 sociale,

251 1227 305 1269 de
347 1227 389 1268 la
432 1228 591 1269 femme
633 1231 767 1267 avani
804 1224 1121 1275 &fisus-Christ,
1159 1240 1237 1281 par
1279 1225 1336 1266 M.
1375 1225 1514 1266 l'abbe}
1553 1225 1601 1266 F.
1641 1225 1821 1268 Martin.

252 1297 372 1339 Paris
406 1296 520 1338 1874
554 1298 578 1337 2
607 1311 644 1337 v.
678 1297 761 1336 12⁰.
789 1310 859 1352 pp.
889 1294 992 1336 xxxi
1020 1296 1117 1336 434.
1145 1296 1229 1337 426
1259 1294 1303 1348 (7
1329 1295 1407 1349 fn).
1484 1294 1635 1336 Allard
1669 1294 1819 1336 Perse}-

250 1367 400 1409 eution
441 1367 494 1408 de
536 1365 784 1407 Diocletien
826 1377 842 1406 Ι
886 1367 1070 1407 283-4.
1115 1367 1211 1407 326.
1251 1367 1347 1407 328.
1384 1363 1569 1407 347-8.
1608 1367 1693 1407 388
1732 1380 1818 1421 seq.

250 1437 439 1495 (Agnes)
471 1452 525 1478 m.

188 1530 231 1552 20
340 1524 379 1565 p.
405 1509 489 1549 144
511 1508 534 1549 l.
561 1509 614 1550 29
638 1522 670 1549 c.
695 1509 751 1548 40
783 1522 821 1563 p.
847 1509 930 1549 116
961 1507 985 1548 l.
1012 1506 1340 1549 17.—Lactant.
1371 1517 1402 1546 V
1427 1508 1480 1548 19
1511 1504 1530 1562 ἓ
1557 1508 1581 1547 9
1615 1506 1728 1548 decet
1752 1521 1823 1548 eos

250 1580 461 1635 suscipere
493 1578 778 1634 defensionem
807 1578 984 1620 deorum
1014 1593 1201 1628 suorum,
1229 1592 1290 1627 ne,
1316 1578 1354 1618 si
1378 1583 1526 1618 nostra
1553 1577 1820 1619 inualuerint

249 1652 315 1704 (ut
332 1649 504 1692 cottidie
521 1649 824 1703 inualeseunt),
839 1664 933 1691 eum
950 1648 1142 1690 delubris
1159 1663 1210 1690 ac
1228 1647 1430 1689 ludibriis
1446 1648 1536 1689 suis
1552 1647 1817 1689 deserantur.

251 1723 305 1763 13
328 1719 347 1777 ἓ
370 1723 391 1761 1
417 1735 511 1762 eum
542 1725 686 1761 autem
715 1725 856 1761 noster
885 1734 1087 1760 numerus
1118 1733 1285 1774 semper
1305 1717 1356 1759 de
1385 1717 1561 1759 deorum
1587 1716 1820 1758 cultoribus

251 1797 473 1847 auyeatur,
523 1805 756 1846 numquam
811 1805 920 1839 uero,
973 1805 1021 1831 ne
1067 1789 1113 1830 in
1160 1789 1257 1844 ipsa
1311 1787 1482 1844 quidem
1527 1787 1820 1843 persecutione

187 1884 229 1915 25
254 1863 476 1904 minuatur
523 1861 746 1916 (quoniam
791 1875 971 1916 peecare
1017 1860 1206 1902 homines
1253 1864 1291 1901 et
1336 1859 1564 1914 inquinari
1605 1858 1820 1913 sacrificio

244 1938 436 1989 possunt,
468 1932 610 1973 auerti
642 1937 785 1973 autem
815 1946 901 1972 non
937 1936 1116 1986 possunt
1148 1945 1177 1971 a
1214 1929 1319 1978 de0;
1360 1928 1475 1970 ualet
1506 1927 1620 1969 enim
1655 1928 1703 1968 ui
1738 1942 1819 1969 sua

254 2003 443 2053 ueritas).
523 2001 730 2043 Prudent.
785 2000 1026 2057 Peristeph.
1076 2011 1125 2040 IV
1175 1998 1318 2040 87-8
1370 2003 1616 2053 νηανίψᾚηι
1655 2011 1821 2052 semper

252 2088 453 2115 numerus
481 2072 556 2113 sub
586 2072 701 2114 omni
731 2070 735 2128 Ι
759 2071 974 2126 yrandine
1004 2072 1149 2113 creuit.
1210 2069 1322 2126 Aug.
1347 2068 1414 2110 De
1437 2067 1533 2110 Ciu.
1555 2066 1640 2108 Dei
1663 2078 1768 2108 XXII
1793 2069 1822 2109 6

251 2145 306 2197 (II
342 2144 426 2184 563
462 2143 516 2183 26
555 2141 628 2194 D.)
665 2140 915 2196 liyabantur
954 2140 1294 2188 includebantur,
1333 2138 1615 2181 caedebantur
1655 2143 1818 2192 torque-

188 2233 231 2263 30
251 2213 418 2261 bantw,
465 2210 702 2253 urebantur
745 2210 1038 2260 laniabantur,
1082 2209 1514 2251 trucidabantur—et
1554 2207 1818 2262 multiplica-

250 2283 414 2325 bantur.
476 2281 589 2323 1ren.
614 2292 663 2321 IV
686 2282 741 2322 33
766 2282 790 2322 9
814 2280 885 2323 fin.
950 2280 1093 2322 Rufin.
1118 2279 1234 2321 Hist.
1259 2279 1370 2320 Eool.
1394 2289 1482 2318 VIII
1507 2276 1558 2318 17
1583 2276 1654 2319 fin.
1717 2288 1766 2317 VI
1792 2280 1817 2318 5

252 2370 290 2411 p.
316 2355 411 2396 329.
475 2351 632 2394 Iustin.
656 2351 781 2407 Apol.
806 2362 840 2391 ΙΙ
865 2353 918 2392 12
942 2353 1001 2406 (p,
1021 2348 1134 2405 502b)
1156 2349 1388 2392 converbed
1411 2348 1469 2404 by
1486 2348 1561 2389 tho
1583 2353 1818 2403 constancy

250 2425 297 2465 of
325 2430 524 2479 martyrs.
588 2421 846 2464 Comments
883 2421 931 2462 of
957 2425 1198 2477 spectators
1232 2418 1402 2475 [Cypn]
1439 2418 1505 2459 De
1543 2417 1671 2458 laude
1705 2432 1819 2458 mar-

250 2493 353 2550 tyrii
386 2495 450 2534 15.
515 2491 666 2547 Chrys.
698 2502 733 2532 ΙΙ
771 2490 1048 2532 7110—7120.
1083 2489 1187 2531 7142*
1224 2488 1333 2542 αἷμα
1369 2487 1576 2539 διηνεκῶς
1608 2486 1663 2528 τά
1699 2485 1818 2528 καλὰ

187 2581 230 2613 35
251 2567 329 2617 τῆς
361 2563 606 2614 ἐκκλησίας
638 2560 772 2618 ἅρδον
805 2560 936 2617 φυτά.
989 2561 1039 2603 cf.
1070 2558 1188 2603 579d.
1243 2559 1461 2616 Bingham
1492 2569 1559 2598 XX
1590 2558 1612 2598 7
1649 2559 1684 2599 6.
1738 2557 1816 2612 ΕΡ.

250 2633 305 2674 ad
327 2632 533 2688 Diognet.
557 2633 582 2674 6
604 2629 624 2688 ξ
646 2634 683 2681 9,
707 2631 847 2673 Funk.

338 2718 377 2758 p.
404 2703 487 2743 144
510 2701 534 2743 l.
560 2703 613 2743 32
638 2701 800 2742 Arnob.
823 2712 859 2741 II
884 2704 907 2741 5
931 2715 971 2756 p.
990 2702 1045 2742 50
1068 2701 1123 2741 30
1145 2699 1267 2755 quod,
1289 2714 1382 2741 cum
1402 2711 1561 2753 yenera
1577 2710 1816 2751 poenarum

249 2779 371 2816 tanta
407 2773 491 2814 sint
524 2787 551 2813 a
588 2771 706 2813 uobis
741 2771 969 2827 proposita
997 2770 1220 2826 relifjionis
1251 2769 1377 2810 leuius
1404 2766 1666 2823 sequentibus
1695 2765 1818 2821 leyes,
