1975 3306
147 184 192 225 p.
222 175 303 214 122
326 173 353 215 l.
379 174 449 227 24]
668 174 1112 226 APOLOGETIOVS
1146 178 1201 216 42
1631 174 1712 213 421

154 287 462 339 Christicmum,
489 291 540 333 de
571 292 749 347 repudio
782 293 1126 347 spectaculorum.
1189 293 1241 333 cf.
1262 307 1293 333 c.
1327 294 1361 333 1.
1390 294 1425 333 2.
1456 293 1519 333 19.
1582 290 1716 333 Clem.

156 357 279 401 Alex.
302 360 486 417 Paedag.
506 373 560 402 III
589 377 620 403 c.
643 365 691 402 11
725 361 763 419 ἐξ
787 361 840 404 76
866 362 917 404 77
949 378 986 418 p.
1013 365 1108 404 298.
1162 363 1321 404 Minue.
1349 364 1400 403 12
1423 361 1442 419 ξ
1464 364 1502 403 5.
1533 361 1586 403 37
1610 361 1629 418 ξ
1653 364 1718 402 11.

155 427 393 471 Neumann
422 442 438 471 1
468 433 551 472 130
580 447 618 472 n.
643 433 682 473 9.

241 514 280 555 p.
308 502 389 541 122
414 501 437 541 l.
463 502 513 541 21
542 501 680 542 Blunt
703 501 841 557 Right
864 501 954 543 Use
978 504 1074 543 361.

241 586 279 626 p.
307 573 389 612 122
414 572 439 613 l.
464 575 517 613 22
551 573 674 629 Kaye
697 575 837 615 360—1
872 573 1037 622 (trades
1068 573 1293 614 forbidden
1323 578 1368 614 bo
1398 572 1644 615 Christians
1673 572 1716 612 in
1741 593 1759 623 5

153 640 231 682 the
254 641 320 683 De
343 641 525 694 Idolol.).

242 724 366 754 TVRA
399 713 466 755 De
499 714 648 756 Idolol.
680 717 729 755 11
764 730 801 770 p.
825 717 880 756 42
911 715 934 756 l.
960 717 1010 755 21
1038 715 1162 757 VViss.
1192 716 1262 769 (ef.
1293 715 1532 757 Neumann
1565 726 1580 755 I
1615 716 1718 767 135)

152 798 237 839 quo
280 799 351 826 ore
398 784 669 827 Christianus
718 786 925 835 tvm-arius,
966 786 1007 827 si
1048 801 1130 841 per
1176 786 1337 841 templa
1389 785 1597 834 transibit,
1640 800 1718 840 quo

156 869 226 896 ore
252 855 479 910 fumantes
511 871 615 897 aras
644 857 816 912 clespuet
846 863 883 898 et
909 857 1152 912 exsufflabit,
1175 856 1324 912 quibus
1352 856 1442 912 ipse
1467 855 1719 911 prospexit?

154 923 220 966 De
268 924 362 967 Cor.
408 925 538 968 Milit.
586 929 640 967 10
687 942 741 968 m.
791 932 828 968 et
875 926 915 968 si
962 941 1028 968 me
1076 926 1180 968 odor
1228 926 1413 968 alieuius
1463 926 1544 967 loci
1592 926 1716 981 offen-
1742 943 1785 965 10

150 994 276 1043 derit,
326 995 521 1037 Arabiae
575 996 746 1051 aliquid
795 995 1004 1045 ineendo;
1058 996 1130 1037 sed
1181 1011 1260 1037 non
1314 996 1455 1038 eodem
1509 995 1599 1037 ritu
1645 1010 1717 1037 nec

153 1064 296 1106 eodem
341 1065 488 1107 habitu
537 1080 609 1108 neo
652 1066 794 1108 eodem
839 1071 1069 1121 apparatu,
1114 1081 1193 1121 quo
1239 1066 1386 1120 agitur
1428 1066 1546 1121 apud
1588 1065 1718 1107 iolola.

151 1134 302 1191 Optat.
328 1147 383 1177 III
405 1151 444 1192 p.
469 1139 523 1179 59
548 1138 644 1191 (62)
665 1137 781 1178 nulli
802 1137 962 1179 dietum
991 1143 1049 1178 est
1072 1140 1080 1155 ‘
1095 1142 1170 1178 aut
1192 1142 1258 1178 tus
1288 1151 1394 1191 pone
1424 1142 1499 1178 aut
1521 1135 1719 1177 basilicas

149 1206 301 1248 dirue.5
375 1207 481 1249 istae
521 1208 635 1250 enim
676 1223 744 1249 res
784 1208 915 1249 solent
957 1207 1172 1262 martyria
1213 1221 1427 1262 9enemwe.
1499 1206 1717 1263 Bingham

152 1289 281 1319 XXIII
317 1280 340 1319 2
376 1281 399 1320 5
434 1294 475 1335 p.
509 1281 604 1320 123.
668 1278 804 1321 Clem.
843 1278 965 1320 Alex.
1005 1278 1188 1334 Paedag.
1228 1289 1282 1318 ΙΙΙ
1321 1279 1346 1318 8
1382 1277 1419 1319 εἰ
1454 1275 1607 1330 μύροις
1646 1277 1717 1319 καὶ
1743 1296 1784 1327 15

154 1347 393 1404 στεφάνοις
423 1348 658 1406 χρηστέον.
722 1349 921 1391 Lactanb.
955 1360 1005 1389 IV
1039 1351 1063 1390 3
1094 1346 1113 1404 ξ
1145 1349 1169 1389 9
1202 1347 1240 1404 (ξ
1267 1350 1293 1389 8
1324 1347 1363 1388 if
1388 1362 1413 1388 a
1443 1347 1721 1403 philosopher

152 1418 191 1460 is
222 1434 248 1460 a
278 1418 426 1475 priest,
447 1419 726 1475 philosophia
756 1419 868 1461 inter
897 1434 1024 1461 saera
1056 1418 1249 1472 cessabit)
1266 1433 1276 1459 .·
1308 1418 1392 1459 illa
1424 1417 1536 1459 enim
1567 1417 1718 1472 reliyio

157 1496 275 1531 muta
307 1496 376 1540 est,
399 1505 480 1532 non
512 1496 680 1532 tantum
708 1490 811 1546 quia
839 1496 1055 1532 mutorum
1084 1496 1154 1538 est,
1185 1489 1257 1531 seol
1285 1488 1387 1544 quia
1418 1488 1529 1530 ritus
1557 1488 1647 1530 eius
1674 1489 1716 1529 in

153 1575 287 1601 manu
315 1565 352 1601 et
383 1559 534 1615 diyitis
563 1566 634 1609 est,
654 1575 737 1601 non
769 1560 813 1600 in
844 1560 967 1602 eorde
998 1565 1073 1601 aut
1104 1559 1265 1614 linyua,
1297 1558 1404 1600 sieut
1435 1564 1592 1607 nostra,
1614 1572 1720 1613 quae

153 1645 260 1672 uera
282 1635 350 1672 est.
413 1630 462 1671 cf.
486 1641 502 1670 Ι
527 1631 581 1671 20
602 1629 622 1686 ξ
645 1631 711 1671 26.
774 1628 858 1671 Ou.
881 1629 988 1671 Meta.
1010 1641 1027 1670 Ι
1051 1630 1136 1670 248
1159 1630 1254 1684 quis
1274 1628 1332 1670 sit
1359 1629 1528 1670 laturus
1548 1627 1595 1668 in
1617 1642 1720 1669 aras
1740 1648 1785 1669 20

153 1707 283 1751 ταγᾶς
316 1701 365 1742 cf.
389 1711 477 1741 VIII
502 1699 597 1742 277.

245 1786 283 1827 p.
309 1772 392 1812 122
416 1771 441 1812 l.
465 1773 520 1812 24
544 1783 759 1813 CARIORIS
783 1772 818 1825 )(
842 1771 992 1828 Migne
1022 1782 1086 1812 LII
1111 1770 1194 1812 754
1218 1770 1300 1812 ‘ad
1329 1770 1403 1811 hoo
1431 1769 1566 1811 solum
1589 1769 1721 1810 uilius

153 1841 313 1883 emitur
341 1847 387 1883 ut
414 1842 558 1883 carius
580 1841 873 1884 distrahatur!
937 1841 995 1883 So
1014 1840 1103 1883 Cic.
1125 1840 1249 1883 Suet.
1271 1840 1317 1881 in
1346 1840 1455 1881 lexx.
1478 1839 1562 1880 and
1590 1839 1718 1895 Apul.

155 1911 338 1952 Metam.
363 1922 414 1951 IX
440 1913 506 1952 10.
568 1911 682 1967 Aug.
703 1911 771 1952 De
793 1910 947 1952 Trinit.
972 1922 1061 1951 XIII
1091 1912 1117 1952 3
1148 1910 1232 1951 uili
1257 1909 1366 1951 uelle
1393 1923 1527 1950 emere
1556 1914 1594 1950 et
1621 1924 1720 1950 earo

158 1980 349 2022 uendere.
413 1980 530 2035 [Add
562 1979 684 2022 Conf.
708 1992 759 2021 XI
793 1982 828 2021 2.
873 1980 1012 2022 Serm.
1039 1981 1093 2021 86
1124 1978 1159 2020 7.
1223 1978 1276 2019 A.
1297 1977 1358 2032 S.]
1424 1978 1591 2019 Paulin.
1621 1977 1721 2019 Nol.
1741 1999 1784 2031 25

153 2065 222 2106 ep.
246 2052 300 2092 23
324 2052 379 2092 34
402 2051 429 2091 f.
461 2066 560 2093 caro
583 2052 840 2093 aestimauit.

245 2133 538 2163 CHRISTIANIS
571 2133 871 2163 SEPELIENDIS
910 2122 975 2163 De
1014 2121 1162 2162 Idolol.
1199 2123 1248 2161 11
1284 2135 1323 2176 p.
1357 2122 1410 2161 41
1445 2120 1469 2160 l.
1504 2121 1558 2161 20
1593 2118 1718 2161 Wiss.

153 2191 357 2241 uiderint,
397 2192 436 2232 si
471 2192 639 2234 eaedem
679 2207 847 2240 meroes,
884 2198 986 2233 tura
1022 2192 1114 2233 dieo
1151 2197 1189 2233 et
1226 2197 1362 2232 cetera
1397 2189 1721 2245 pereyrinitatis

155 2262 215 2303 ad
245 2262 507 2317 sacrificium
538 2262 753 2304 idolorum
785 2263 914 2304 etiam
945 2261 1183 2303 hominibus
1211 2261 1269 2302 ael
1295 2261 1518 2316 piymenta
1548 2260 1719 2302 medici-

156 2332 291 2381 nalia,
325 2332 442 2374 nobis
478 2348 640 2388 quoque
675 2333 853 2388 insuper
890 2332 948 2373 aol
984 2333 1148 2374 solacia
1189 2332 1435 2386 sepulturae
1475 2330 1574 2371 usui
1612 2336 1720 2372 sunt.
1739 2351 1787 2382 30

157 2401 224 2443 De
248 2401 372 2443 Carn.
398 2402 547 2443 Resur.
573 2402 626 2446 27
649 2417 690 2458 p.
713 2405 767 2444 65
791 2402 815 2443 l.
839 2404 865 2443 3
896 2401 971 2443 Kr.
994 2417 1175 2457 corpora
1203 2401 1416 2442 medicata
1445 2399 1722 2442 condimentis

153 2470 402 2524 sepulturae
423 2470 651 2512 mausoleis
673 2477 711 2512 et
732 2471 1013 2512 monumentis
1034 2475 1361 2525 sequestrantur.
1408 2468 1538 2524 Apul.
1562 2467 1720 2508 Florid.

154 2538 177 2595 ξ
196 2541 249 2581 19
273 2540 336 2581 ed.
362 2540 494 2581 Helm
517 2554 557 2595 p.
574 2541 630 2581 40
654 2540 679 2580 l.
698 2542 722 2580 2
745 2541 801 2593 (=
818 2539 930 2581 Oud.
952 2554 991 2595 p.
1016 2540 1091 2588 94)
1112 2540 1203 2580 iam
1223 2539 1373 2580 miseri
1392 2538 1514 2579 illius
1533 2537 1718 2579 membru

158 2610 304 2651 omnia
326 2610 537 2651 aromatis
561 2624 795 2664 perspersa.
859 2608 1051 2651 Cassian.
1075 2607 1228 2650 Colla‘o.
1255 2619 1320 2648 XV
1343 2610 1381 2649 3.
1443 2607 1570 2663 Greg.
1594 2606 1719 2663 Nyss.

156 2679 200 2720 in
245 2680 355 2721 Fun.
393 2679 563 2721 Meletii
604 2679 775 2735 (Migne
814 2679 858 2720 P.
893 2679 942 2720 G.
982 2689 1095 2719 XLVI
1134 2677 1268 2732 853b).
1341 2678 1454 2719 Iren.
1492 2689 1508 2717 Ι
1548 2679 1598 2717 21
1642 2675 1719 2733 §3
1741 2697 1785 2729 35

155 2749 239 2791 ΟΠ.
264 2749 379 2791 Fast.
404 2761 456 2790 III
482 2751 560 2791 561
582 2749 719 2790 mixta
740 2748 884 2790 bibunt
904 2748 1048 2790 molles
1067 2748 1261 2789 lacrimis
1284 2753 1496 2802 ungyuenta
1515 2746 1719 2802 fauillae.

155 2834 197 2860 n.
228 2835 283 2860 on
314 2819 410 2860 qu.
445 2821 482 2860 4.
513 2821 595 2861 109
628 2819 714 2860 and
746 2818 833 2860 ind.
865 2819 944 2860 vol.
978 2830 1014 2859 II
1047 2833 1117 2860 ΞΝ.
1149 2824 1262 2860 tura.
1325 2817 1434 2859 Plin.
1468 2817 1583 2858 Hist.
1616 2816 1719 2858 Nat.

159 2900 231 2929 XII
259 2890 311 2929 41
343 2887 439 2944 §83
468 2888 704 2930 aceruatim
733 2893 926 2943 eonyesta
952 2888 1104 2929 honori
1130 2887 1391 2929 cadauerum
1418 2901 1524 2942 quae
1551 2885 1619 2927 dis
1640 2900 1722 2941 per
