1975 3306
125 147 168 188 p.
199 133 329 174 1261.
361 132 430 185 17]
646 130 1093 174 APOLOGETICVS
1127 134 1181 173 45
1615 131 1701 171 429

130 248 240 289 Eccl.
291 247 446 303 Dogm.
497 248 552 288 10
600 248 636 287 4.
702 245 841 300 [More
886 261 978 287 exx,
1023 245 1068 287 in
1114 262 1186 302 my
1230 246 1362 287 index
1406 252 1450 287 to
1495 245 1696 301 Ps.-Aug.

130 317 308 370 Quaest.
333 333 371 373 p.
397 319 493 359 534.
557 316 764 358 Brewer's
794 316 883 357 Der
914 332 1000 372 sog.
1025 316 1422 358 Athanasianische
1456 315 1698 358 Glaubens-

129 387 396 430 bekenntnis
426 387 695 441 (Paderborn
728 388 861 439 1909)
892 402 929 443 p.
957 389 1008 427 12
1039 402 1078 428 n.
1105 390 1153 429 1:
1190 387 1273 428 add
1307 386 1472 428 Nou-at.
1502 386 1601 427 trin.
1633 384 1698 427 27.

133 458 185 500 Α.
209 458 272 512 S]

218 543 256 584 p.
293 530 374 570 126
409 529 433 569 l.
469 528 491 569 7
527 539 817 576 MALILOQVIO
850 528 916 569 De
951 528 1147 584 Spectac.
1172 531 1196 569 2
1226 528 1294 570 bis
1324 543 1361 584 p.
1386 530 1412 569 3
1442 528 1465 568 1.
1491 529 1545 569 23
1574 526 1698 568 Wiss.
1721 536 1742 566 5

131 599 212 641 Ios.
246 598 397 654 Antiq.
428 609 532 639 XVII
568 601 588 638 1
619 613 658 654 p.
688 599 820 640 4781‘.
852 598 969 650 (Bas.
1005 600 1139 653 1524)
1171 614 1202 640 o.
1234 600 1259 639 3
1292 613 1330 654 p.
1359 600 1441 639 481
1469 598 1492 638 f.
1558 597 1699 652 Ignab.

134 669 274 724 Polyc.
311 670 375 710 11.
411 667 553 723 [Sulp.
586 667 707 721 Seu]
740 682 779 723 p.
814 667 909 709 247.
946 670 999 709 13
1033 668 1178 709 Halm.
1218 668 1369 724 [Aug]
1404 667 1540 709 Serm.
1576 667 1629 708 76
1663 668 1700 708 6.

134 737 340 794 Porphyr.
374 753 429 778 on
463 737 568 778 Hor.
602 737 697 791 [not
730 737 776 778 in
809 738 1009 779 Holder’s
1042 738 1204 792 index}

220 823 258 864 p.
299 809 382 849 126
421 808 444 848 1.
484 809 509 848 8
548 807 661 849 Adu.
695 807 825 849 Marc.
859 820 908 848 IV
948 810 1001 850 16
1044 824 1083 864 p.
1117 811 1202 851 468
1240 809 1265 850 1.
1301 810 1354 849 22
1390 808 1465 849 Kr.
1507 807 1701 849 Christus

132 878 263 919 etiam
300 878 435 919 uicem
471 877 662 919 iniuriae
696 877 896 920 cohibens.
960 890 995 919 ΙΙ
1030 880 1084 919 28
1118 893 1155 935 p.
1189 878 1273 920 375
1307 878 1331 918 1.
1367 880 1419 919 15
1455 878 1528 918 Kr.
1568 878 1701 919 uicem
1724 893 1769 915 10

126 947 356 1004 prohibens
384 948 536 1002 (deus).
599 947 665 989 De
696 947 884 989 Patient.
908 950 934 989 8
957 963 996 1003 p.
1022 950 1074 990 13
1102 948 1126 990 1.
1152 950 1204 990 19
1229 948 1305 989 Kr.
1337 948 1519 990 reddam
1548 953 1586 989 et
1613 948 1702 1002 ipse

133 1017 446 1059 amaritudinis
486 1017 622 1059 uicem
663 1032 822 1059 necesse
864 1023 932 1059 est.
1011 1018 1211 1060 Laetam.
1248 1030 1297 1059 VI
1342 1021 1395 1059 18
1431 1016 1451 1074 ξ
1489 1020 1541 1058 12
1583 1018 1701 1059 inno—

134 1088 316 1129 centiam
349 1101 514 1141 semper
547 1093 584 1128 et
617 1086 768 1141 ubique
799 1087 1018 1129 custodiat.
1083 1087 1192 1142 quod
1222 1093 1499 1143 praeceptum
1529 1102 1612 1128 *nou
1645 1073 1707 1127 ad

134 1159 207 1201 hoc
239 1164 406 1200 tantum
438 1158 564 1208 ualet,
596 1163 639 1199 ut
670 1158 760 1213 ipse
791 1158 1001 1199 inimicust
1037 1173 1115 1200 uon
1148 1158 1322 1212 inferat,
1350 1158 1423 1200 sed
1454 1164 1500 1199 ut
1531 1157 1699 1198 illatam

134 1228 216 1270 sibi
256 1243 336 1270 11οη
382 1228 567 1270 uindicet
608 1228 763 1282 [uicem
810 1228 998 1275 reddere,
1041 1228 1201 1284 passim
1251 1228 1296 1269 in
1345 1228 1516 1269 Ambs‘c.
1560 1227 1701 1284 Pelag.
1726 1243 1767 1274 15

136 1304 216 1340 ebe.
279 1298 331 1338 A.
354 1297 428 1352 S.].

226 1384 264 1424 p.
286 1370 367 1410 126
392 1368 415 1409 l.
437 1370 487 1408 11
513 1379 715 1409 DIXIMVS
737 1373 818 1409 cet.
868 1382 900 1409 c.
922 1369 975 1410 19
998 1383 1036 1424 p.
1058 1370 1122 1410 62.
1168 1368 1364 1422 [Iustin]
1387 1368 1548 1409 oohor‘c.
1566 1367 1621 1408 ad
1643 1383 1701 1423 gr.

138 1440 163 1480 9
186 1453 224 1494 Ρ.
249 1440 302 1480 96.
365 1437 490 1479 Diod.
516 1437 602 1479 Sic.
624 1449 640 1478 Ι
663 1453 694 1480 c.
718 1440 755 1480 4.
820 1436 955 1480 Clem.
980 1438 1102 1479 Alex.
1129 1437 1286 1479 Strom.
1311 1438 1472 1492 [where
1491 1438 1534 1492 ?].

227 1519 416 1558 QVANTA
447 1523 494 1549 as
526 1507 573 1549 in
606 1508 787 1550 Phaedr.
826 1520 859 1549 ΙΙ
894 1510 920 1549 8
955 1510 1009 1548 21
1047 1514 1255 1563 quantum
1287 1514 1345 1550 est
1378 1508 1567 1550 laboris!
1609 1508 1702 1549 how

136 1578 278 1620 little!
341 1578 407 1632 [cf.
441 1577 600 1619 Lucan.
634 1589 684 1618 IV
716 1577 812 1620 378.
871 1578 922 1620 A.
947 1577 1007 1632 S]
1724 1595 1771 1617 20

225 1663 264 1704 p.
291 1649 373 1689 126
397 1648 420 1688 1.
447 1649 501 1688 14
527 1659 859 1689 INVOLVNTATE
891 1648 967 1689 the
995 1648 1102 1703 conj.
1127 1649 1174 1689 of
1200 1648 1402 1690 Latinius
1428 1649 1505 1703 [Le.
1530 1648 1703 1689 Latinio

138 1718 299 1768 Latini,
321 1734 346 1760 a
378 1719 601 1761 sixteenth
633 1725 818 1775 century
846 1719 1023 1768 Italian,
1048 1735 1129 1761 one
1158 1720 1206 1761 of
1231 1720 1307 1761 the
1337 1720 1477 1761 ablest
1506 1719 1704 1775 patristic

138 1789 327 1830 scholars
349 1789 444 1830 who
467 1804 567 1830 ever
588 1788 714 1831 lived.
777 1789 828 1832 A.
853 1789 916 1844 S]
940 1790 1016 1831 has
1038 1805 1064 1830 a
1086 1790 1206 1845 place
1229 1789 1275 1830 in
1297 1790 1406 1831 lexx.
1430 1788 1504 1832 ἅπ.
1529 1789 1603 1845 εἰρ.

228 1870 516 1900 RECOGITATE
576 1859 716 1901 ‘raros
799 1860 869 1901 Ad
921 1860 1049 1902 Mart.
1099 1862 1123 1901 2
1168 1876 1230 1916 pr.
1306 1860 1446 1901 Plaut.
1493 1859 1579 1902 Cic.
1627 1861 1704 1914 (1).

140 1929 307 1972 Colum.
340 1931 407 1984 (1)
440 1930 547 1984 [also
580 1929 679 1971 Son.
711 1930 797 1971 and
830 1930 948 1986 uulg.
981 1930 1027 1970 111
1059 1929 1139 1973 LS.
1202 1930 1253 1972 A.
1277 1929 1352 1984 S.].
1726 1947 1770 1978 25

228 2015 267 2056 p.
292 2002 375 2042 126
399 2000 423 2043 l.
450 1999 501 2041 17
532 2011 794 2041 DEPRETIAT
826 1999 988 2042 Oohler
1017 2000 1056 2041 h.
1080 2000 1103 2042 l.
1166 2000 1280 2041 Adu.
1311 2000 1442 2042 Maro.
1471 2012 1486 2041 I
1511 2002 1535 2042 6
1558 2015 1596 2056 p.
1621 2001 1705 2042 298

140 2071 165 2113 l.
202 2073 226 2113 9
263 2071 339 2113 Kr.
375 2071 413 2112 si
449 2071 687 2126 depretiari
720 2071 836 2125 capit
871 2071 917 2111 in
951 2076 1147 2112 creatore.
1215 2072 1269 2110 14
1302 2070 1373 2111 fin.
1411 2070 1625 2126 depretias
1661 2071 1705 2111 iu

140 2141 291 2197 quibus
311 2147 350 2182 et
370 2141 487 2182 uiuis
509 2147 547 2183 et
573 2141 764 2182 moreris.
826 2152 861 2181 ΙΙ
886 2139 938 2181 27
962 2140 1035 2181 fin.
1097 2140 1164 2181 De
1186 2139 1331 2182 Anim.
1357 2140 1408 2182 17
1433 2155 1472 2196 Ρ.
1496 2142 1580 2182 323
1603 2140 1626 2181 l.
1653 2141 1706 2180 23

142 2210 270 2252 Wiss.
342 2210 413 2251 Ad
458 2211 582 2252 onr.
626 2222 642 2251 Ι
678 2213 703 2252 3
741 2226 776 2252 a.
812 2225 866 2251 m.
912 2210 1023 2265 quod
1059 2215 1201 2251 autem
1241 2210 1465 2251 necessitas
1499 2215 1706 2265 praestat,

141 2280 352 2336 depretiat
382 2281 491 2336 ipsa.
552 2281 607 2322 ad
636 2287 723 2322 nat.
755 2292 771 2321 Ι
802 2282 857 2322 10
889 2295 927 2336 Ρ.
954 2279 1006 2321 77
1041 2280 1065 2322 l.
1090 2282 1114 2321 9
1139 2279 1264 2321 Wiss.
1296 2295 1369 2322 uec
1401 2280 1580 2322 conteuti
1611 2280 1708 2321 estis
1727 2293 1773 2324 30

142 2350 233 2391 deis
280 2350 476 2392 honorem
523 2365 607 2392 ‘non
648 2350 854 2400 habuisse,
895 2350 982 2391 uisi
1028 2350 1160 2392 etiam
1205 2364 1502 2405 quemcumque
1549 2349 1708 2391 habetis

143 2419 387 2474 depretietis
409 2419 559 2474 aliqua
579 2419 848 2474 iudiyuitate.
910 2419 977 2460 De
1011 2419 1114 2474 Fug.
1137 2417 1183 2459 in
1206 2418 1369 2459 Perseo.
1395 2421 1449 2460 10
1472 2434 1526 2460 111.
1560 2419 1707 2473 depre-

143 2489 264 2531 tiasti
297 2488 514 2530 Christum
544 2489 619 2543 qui
648 2489 695 2529 in
726 2494 763 2529 te
793 2494 862 2530 est.
922 2488 989 2529 De
1023 2487 1219 2543 Spectac.
1249 2490 1301 2528 22
1332 2503 1371 2543 p.
1396 2490 1449 2530 23
1479 2488 1502 2530 l.
1529 2491 1551 2529 5
1582 2487 1707 2529 Wiss.

143 2558 334 2600 Dirksen
376 2557 502 2614 Corp.
541 2558 606 2599 Gl.
647 2570 682 2599 Π
720 2560 776 2599 44
816 2562 851 2600 5.
930 2557 1228 2599 Commodian.
1270 2556 1411 2599 Carm.
1449 2557 1574 2613 Apol.
1614 2559 1708 2599 196.

143 2629 290 2671 Sidon.
341 2644 467 2670 carm.
516 2631 570 2669 22
625 2630 707 2670 203
755 2628 821 2681 (111
873 2629 1040 2684 Burgo)
1096 2627 1336 2683 depretiata
1384 2642 1485 2669 suas
1533 2634 1710 2683 turpant
1729 2639 1773 2670 35

139 2699 363 2755 piymenta
394 2699 581 2754 flyuras.
643 2712 707 2754 ep.
746 2709 781 2738 ΙΙ
815 2700 869 2739 10
905 2697 977 2739 fin.
1018 2697 1154 2752 iyitur
1193 2696 1394 2746 incumbe,
1429 2711 1556 2751 neque
1593 2697 1710 2752 apud

145 2774 183 2810 te
215 2768 478 2810 litterariam
509 2782 659 2810 curam
689 2766 815 2809 turba
846 2766 1050 2822 depretiet
1079 2766 1386 2821 imperitorum.
1451 2765 1553 2820 [See
1585 2766 1708 2808 Thes.

144 2837 196 2880 A.
224 2837 286 2892 5.]
