1975 3306
330 183 414 224 370
907 177 1313 220 TERTVLLIANI
1539 178 1597 233 [p.
1627 178 1706 218 104
1728 176 1755 217 l.
1781 176 1892 217 33—

417 312 456 352 p.
482 298 563 337 104
589 296 611 336 l.
637 297 692 337 33
725 305 995 336 CHRISTIANI
1028 293 1091 334 La
1114 292 1256 336 Cerda
1287 293 1396 335 cites
1419 292 1546 336 Cone.
1571 293 1707 334 Toleb.
1731 294 1757 333 4
1779 307 1811 334 c.
1836 293 1891 334 29

329 367 414 408 and
441 368 462 407 7
487 381 519 407 e.
546 368 610 406 18.

419 447 736 478 PERSCRVTARI
774 435 870 476 Tac.
910 435 1023 476 Ann.
1063 446 1117 475 ΙΙΙ
1158 436 1210 475 22
1235 449 1294 490 sq.
1334 433 1632 476 adiciebantur
1675 434 1894 475 adulteria

335 524 492 551 uenena
509 507 826 563 quaesitumque
838 521 920 561 per
939 505 1176 547 Chaldaeos
1196 506 1239 547 in
1259 506 1430 547 domum
1452 505 1664 548 Caesaris.
1717 504 1892 546 Herald.

291 597 310 628 5
331 579 439 620 cites
461 577 542 619 Ios.
566 588 670 618 XVII
694 576 730 618 7.

420 664 459 705 p.
478 649 559 690 106
574 648 598 689 1.
615 649 639 688 2
656 657 943 688 SVSTINETVR
957 645 1118 687 Minue.
1135 647 1189 687 39
1204 643 1223 702 ξ
1238 647 1262 687 6
1277 661 1349 688 nec
1364 645 1627 688 adnectimus
1641 651 1896 688 arescentem

333 719 630 767 coronam‚sed
651 734 678 760 a
700 718 776 759 deo
798 717 983 759 aeternis
993 716 1178 772 floribus
1196 716 1392 757 uiuidam
1408 716 1673 758 sustinemus.
1718 715 1894 756 Holden

334 792 387 833 ad
421 791 444 833 1.
479 791 588 832 cites
622 789 740 844 uulg.
773 788 875 830 Tob.
910 791 935 830 5
970 790 994 830 9
1026 788 1186 829 sustine
1215 802 1281 829 me
1312 785 1572 841 (ὑπόμεινόν
1604 788 1687 841 με),
1721 787 1894 835 obsecro,

335 863 462 904 donec
513 868 551 903 et
600 862 700 916 ipsa
739 859 929 901 nuntiem
966 858 1090 913 patri
1130 873 1230 899 meo.
1294 858 1401 898 Acts
1444 859 1499 898 20
1542 860 1566 899 5
1608 857 1899 899 sustinuerunt

274 946 316 968 10
335 931 528 987 (ἔμενον)
560 946 636 973 nos
670 930 845 972 Troade.
908 929 1007 970 Add
1041 928 1153 970 Iren.
1190 940 1240 969 IV
1268 930 1322 970 20
1350 926 1370 985 ξ
1399 930 1424 970 6
1447 943 1507 984 pr.
1572 928 1745 970 Ro‘nsoh
1783 928 1899 969 Itala

337 1003 521 1044 381—2.
585 1000 748 1043 Oehler
784 1015 839 1041 on
873 999 940 1040 De
975 999 1083 1055 Fug.
1118 998 1164 1039 in
1200 998 1364 1040 Perseo.
1401 1001 1451 1039 11
1488 1014 1548 1054 pr.
1587 1013 1626 1054 p.
1665 999 1761 1039 480.
1827 998 1897 1039 Ad

337 1074 465 1114 Mart.
491 1075 514 1113 2
538 1087 572 1112 a.
593 1086 646 1113 m.
709 1069 933 1126 [Ps.-Aug.
959 1069 1138 1121 Quaest.
1165 1072 1185 1110 1
1210 1068 1230 1126 ξ
1253 1072 1276 1109 2
1302 1084 1339 1125 p.
1366 1071 1420 1109 14
1444 1069 1467 1110 1.
1492 1071 1529 1110 5.
1591 1068 1641 1110 A.
1659 1068 1722 1123 S.]

425 1159 463 1200 p.
490 1144 572 1183 106
602 1142 626 1182 l.
651 1143 676 1182 3
705 1151 838 1182 CARIS
871 1139 1000 1195 Apul.
1030 1139 1207 1180 Metam.
1240 1151 1290 1180 IX
1318 1141 1373 1181 36
1401 1154 1462 1195 pr.
1492 1154 1615 1180 suam
1647 1154 1901 1194 suorumque

338 1229 538 1257 carorum
567 1212 757 1253 salutem.

276 1299 316 1331 15
427 1299 464 1340 p.
491 1284 573 1324 106
602 1282 626 1323 l.
650 1283 676 1322 4
704 1291 1006 1322 SOLLICITVDO
1034 1290 1287 1321 SANGVINIS
1315 1280 1410 1321 Tac.
1439 1279 1551 1322 Ann.
1577 1291 1661 1321 XVI
1683 1281 1739 1321 30
1760 1295 1902 1322 recens

339 1353 585 1396 discrimini
610 1352 755 1408 patris
777 1351 927 1407 filiam
949 1350 1189 1399 conectebat,
1213 1350 1322 1405 quod
1351 1350 1577 1405 pecuniam
1598 1350 1739 1405 ‹mayis
1761 1350 1901 1391 dilar-

336 1426 429 1482 gita
471 1430 582 1466 esset.
645 1423 862 1465 acciderat
897 1436 999 1463 sane
1041 1421 1197 1476 pietate
1238 1421 1456 1463 Seruiliae
1498 1421 1565 1475 (id
1607 1422 1717 1463 enim
1754 1436 1904 1463 nomen

335 1496 506 1551 puellae
528 1494 642 1550 fuit)
675 1507 782 1549 quae
814 1491 995 1534 caritate
1028 1505 1132 1546 erya
1167 1497 1405 1546 parentem,
1441 1491 1572 1532 simul
1608 1491 1904 1547 imprudentia

342 1567 507 1615 aetatis,
543 1580 625 1606 non
664 1570 801 1605 tamen
847 1561 972 1603 aliud
1009 1561 1327 1603 consultauerat
1364 1577 1493 1617 quam
1527 1562 1578 1603 de
1613 1562 1906 1604 incolumitate

277 1655 321 1677 20
341 1637 503 1685 domus,
526 1641 563 1677 et
594 1650 651 1676 an
680 1633 913 1689 placabilis
943 1631 1072 1674 Nero.
1137 1632 1355 1672 Ammian.
1381 1632 1552 1673 Marcel.
1587 1643 1709 1673 XXIX
1742 1634 1766 1672 2
1798 1630 1818 1689 ξ
1850 1618 1903 1674 27

340 1708 383 1748 in
419 1706 580 1749 chartis
602 1704 828 1747 cuiusdam
849 1703 1081 1758 'municipis
1103 1703 1216 1744 clari
1233 1703 1437 1758 {lenitura
1460 1703 1681 1744 cuiusdam
1714 1702 1907 1744 Valentis

341 1778 515 1818 inuenta
543 1781 612 1824 est,
634 1773 916 1829 repellensque
937 1772 1180 1814 calumnias
1201 1772 1250 1820 is,
1274 1773 1394 1813 cuius
1416 1772 1634 1820 intererat,
1656 1786 1752 1813 cum
1778 1771 1906 1814 obiec-

341 1854 507 1889 taretur
528 1847 566 1888 ei
587 1844 857 1901 quamobrem
878 1843 1237 1885 constellationem
1257 1842 1470 1897 principis
1485 1842 1725 1897 colleyisse&
1735 1848 1907 1897 patrem

342 1933 468 1960 suum
478 1916 623 1972 fuisse
652 1914 873 1955 Valentem
894 1913 1138 1967 dudumque
1161 1912 1290 1953 obisse
1312 1912 1657 1953 documentorum
1672 1912 1804 1966 plena
1816 1912 1909 1967 fide

279 2008 321 2039 25
345 1993 585 2031 monstrare
600 1984 830 2040 pollicitus,
851 1983 1132 2037 ineoespectato
1154 1982 1353 2023 ueritatis
1380 1981 1541 2023 indicio
1570 1982 1770 2031 laniatus,
1795 1982 1909 2023 lacer

344 2058 587 2101 trucidatus
618 2062 686 2098 est.

952 2167 1059 2210 CAP.
1103 2167 1303 2208 XXXVI

436 2270 474 2311 p.
501 2256 583 2296 106
618 2254 641 2294 1.
666 2255 690 2294 5
724 2262 908 2293 ROMANI
940 2265 972 2292 e.
1002 2254 1056 2290 24
1072 2251 1097 2292 f.
1128 2249 1340 2291 laedimus
1371 2249 1589 2291 Romanos
1620 2264 1692 2291 ‘nec
1722 2249 1911 2291 Romani
1954 2252 1956 2254 ’

348 2326 562 2373 habemur,
583 2324 686 2378 quia
706 2337 790 2364 non
811 2321 1108 2362 Romanorum
1131 2319 1256 2361 deum
1279 2319 1474 2361 colimus:
1500 2326 1734 2375 argument
1755 2335 1801 2361 as
1829 2335 1860 2361 o.
1887 2323 1907 2361 1

350 2397 459 2439 med.
483 2411 577 2438 cum
608 2409 705 2449 erqo
732 2398 960 2449 propterea
994 2391 1160 2432 oderint
1191 2390 1390 2439 homines,
1417 2391 1521 2445 quid
1552 2391 1756 2445 iynorant
1786 2390 1912 2446 quale

285 2491 329 2522 30
350 2469 405 2510 sit
437 2467 546 2523 quod
578 2465 766 2512 oderunt,
796 2478 874 2505 cur
905 2478 985 2504 non
1019 2462 1144 2504 liceat
1175 2461 1386 2503 eiusmodi
1416 2460 1530 2502 illud
1560 2475 1654 2510 esse,
1688 2461 1799 2516 quod
1831 2476 1912 2503 non

351 2539 526 2581 debeant
558 2534 725 2577 odisse?
1086 2534 1090 2537 ”

440 2624 478 2664 p.
504 2608 586 2648 106
610 2606 635 2646 1.
661 2607 714 2646 10
737 2614 1006 2645 HOSTILITAS
1033 2601 1102 2643 LS
1126 2601 1203 2642 has
1226 2600 1327 2656 only
1349 2615 1429 2641 one
1453 2615 1515 2641 ex.
1539 2600 1665 2653 (from
1691 2599 1912 2653 Cassiod),

352 2685 428 2720 not
442 2678 487 2719 in
502 2676 777 2724 Mammam,
794 2672 988 2715 Scheller
1007 2672 1082 2712 has
1099 2671 1199 2727 only
1216 2671 1312 2725 (the
1330 2670 1455 2724 false)
1473 2669 1648 2711 Seneca.
1701 2670 1745 2711 It
1767 2685 1914 2712 occurs

353 2749 468 2790 Tert.
498 2747 564 2787 De
592 2745 695 2786 Ρ311.
728 2746 751 2784 2
781 2743 851 2784 fin.
885 2757 923 2798 p.
955 2743 1038 2783 925
1069 2741 1286 2783 eradicato
1320 2740 1435 2782 omni
1466 2740 1629 2782 aconito
1656 2739 1913 2781 hostilitatis.

290 2835 332 2866 35
358 2818 473 2859 Fore.
497 2815 582 2857 and
606 2814 797 2869 Georges
819 2812 904 2853 and
931 2812 996 2853 LS
1020 2811 1129 2851 have
1153 2809 1343 2852 Cassiod.
1368 2809 1465 2849 Var.
1490 2820 1539 2849 IV
1563 2810 1629 2858 50,
1654 2808 1759 2850 RW.
1780 2808 1914 2850 Paull.

358 2886 568 2935 Pellaeus,
600 2882 983 2925 Benoist-Goelzer
1015 2880 1104 2922 Sid.
1134 2895 1198 2936 ep.
1232 2891 1262 2920 V
1295 2882 1332 2921 3.
1396 2879 1495 2920 Add
1531 2878 1696 2934 [Cypr]
1731 2877 1813 2920 217
1850 2880 1914 2920 12.
