1975 3306
249 161 300 201 90
828 158 1234 201 TERTVLLIANI

247 275 462 316 certantia
491 275 548 316 ad
577 267 759 325 caeluni,
791 274 866 316 sed
895 274 1128 316 temeraria
1156 274 1211 315 de
1239 274 1403 329 cespite
1431 273 1601 323 altaria,
1633 279 1678 315 et
1705 288 1813 315 uasa

246 353 391 394 adhuc
413 353 573 403 Samia,
597 358 642 394 et
662 352 788 394 nidor
809 367 862 393 ex
882 353 978 403 illis,
1003 358 1046 394 et
1067 352 1175 394 deus
1194 353 1287 408 ipse
1307 367 1541 407 nusquam.
1603 352 1812 394 Nondum

247 431 362 472 enim
388 437 495 472 tunc
520 431 693 486 ingenia
721 429 987 472 Graecorum
1013 436 1149 485 atque
1175 431 1415 472 Tuscorum
1442 430 1656 485 fingendis
1682 430 1812 472 simu-

245 508 372 550 lacris
406 508 559 550 urbem
592 508 933 550 inundauerant.
996 508 1111 564 Ergo
1145 523 1234 550 non
1267 514 1371 550 ante
1405 508 1589 564 religiosi
1623 508 1814 550 Romani

247 602 381 642 quam
401 587 562 642 magni,
584 587 771 642 ideoque
790 601 879 628 non
898 586 954 628 ob
975 587 1057 628 hoc
1077 587 1237 642 magni,
1261 588 1364 642 quia
1383 587 1582 642 religiosi.
1644 587 1814 641 Atquin
1835 604 1855 635 5

247 666 469 721 quomodo
491 666 546 707 ob
568 666 819 721 religionem
842 666 1002 721 magni,
1027 666 1187 720 quibus
1208 666 1468 721 magnitudo
1490 667 1543 707 de
1563 666 1813 720 inreligiosi-

246 749 341 785 tate
376 744 608 798 prouenit?
672 743 727 784 Ni
765 743 891 784 fallor
927 744 1056 794 enim,
1095 758 1224 785 omne
1259 759 1441 799 regnum
1478 744 1547 785 uel
1581 744 1814 799 imperium

246 822 368 863 bellis
389 823 615 877 quaeritur
634 828 678 864 et
696 823 891 864 uictoriis
910 828 1194 878 propagatur.
1257 823 1391 864 Porro
1410 823 1523 864 bella
1543 828 1587 864 et
1604 823 1816 864 uictoriae

247 901 388 955 captis
410 906 454 942 et
475 901 635 942 euersis
656 901 895 955 plurimum
916 901 1099 942 urbibus
1121 907 1340 943 constant.
1403 901 1456 942 Id
1477 901 1702 957 negotium
1724 901 1815 941 sine

247 978 428 1020 deorum
465 979 623 1020 iniuria
660 994 749 1020 non
787 984 866 1021 est.
928 979 1123 1020 Eaedem
1160 985 1327 1035 strages
1364 980 1586 1020 moenium
1625 985 1669 1021 et
1706 985 1814 1020 tem—
1839 999 1883 1023 10

246 1056 432 1112 plorum,
476 1072 602 1112 pares
644 1058 798 1099 caedes
839 1058 1003 1099 ciuium
1045 1063 1089 1099 et
1130 1058 1423 1108 sacerdotum,
1466 1072 1546 1099 nec
1587 1058 1817 1099 dissimiles

246 1136 426 1191 rapinae
479 1150 702 1177 sacrarum
757 1137 1014 1178 diuitiarum
1070 1142 1115 1178 et
1168 1137 1467 1191 profanarum.
1546 1137 1631 1178 Tot
1684 1137 1817 1192 igitur

247 1214 471 1270 sacrilegia
512 1215 817 1256 Romanorum
861 1220 972 1269 quot
1013 1220 1208 1269 tropaea,
1253 1220 1323 1256 tot
1364 1215 1417 1256 de
1459 1215 1550 1256 deis
1592 1220 1703 1270 quot
1757 1214 1811 1255 de

247 1292 452 1348 gentibus
475 1293 702 1348 triumphi,
727 1298 798 1334 tot
820 1292 1056 1334 manubiae
1079 1298 1190 1348 quot
1212 1299 1395 1334 manent
1417 1293 1562 1334 adhuc
1584 1292 1817 1334 simulacra

248 1371 528 1426 captiuorum
547 1371 743 1412 deorum.
806 1372 866 1413 Et
884 1371 940 1412 ab
960 1371 1161 1412 hostibus
1181 1386 1280 1427 ergo
1299 1371 1387 1413 suis
1406 1371 1627 1412 sustinent
1644 1370 1817 1412 adorari
1840 1388 1884 1421 15

249 1453 294 1490 et
327 1448 410 1489 illis
444 1449 677 1504 imperium
714 1449 805 1490 sine
840 1448 926 1489 fine
962 1448 1205 1491 decernunt
1241 1464 1428 1504 quorum
1465 1450 1602 1505 magis
1637 1449 1817 1490 iniurias

249 1542 383 1582 quam
439 1527 712 1569 adolationes
766 1542 1066 1568 remunerasse
1121 1527 1378 1569 debuerant.
1441 1527 1525 1569 Sed
1581 1527 1655 1582 qui
1710 1526 1816 1568 nihil

247 1606 448 1647 sentiunt
474 1612 568 1647 tam
594 1607 774 1661 impune
800 1606 1037 1647 laeduntur
1064 1621 1198 1661 quam
1225 1605 1389 1647 frustra
1416 1606 1633 1647 coluntur.
1691 1605 1817 1647 Certe

247 1698 337 1724 non
380 1689 529 1739 potest
572 1684 673 1725 fidei
717 1683 962 1733 conuenire,
1009 1688 1061 1724 ut
1104 1683 1321 1739 religionis
1365 1683 1531 1725 meritis
1576 1683 1818 1724 exercuisse

248 1761 486 1804 uideantur
501 1763 588 1817 qui,
607 1768 657 1804 ut
671 1763 977 1818 suggessimus,
994 1762 1246 1817 religionem
1262 1768 1341 1804 aut
1355 1762 1569 1803 laedendo
1585 1768 1818 1803 creuerunt
1839 1781 1886 1805 20

249 1846 329 1882 aut
347 1841 579 1882 crescendo
598 1842 832 1882 laeserunt.
894 1841 1044 1882 Etiam
1064 1841 1124 1882 illi
1145 1856 1332 1896 quorum
1352 1855 1483 1896 regna
1503 1840 1694 1882 conflata
1713 1846 1818 1882 sunt

247 1918 294 1960 in
309 1918 479 1974 imperii
496 1920 687 1961 Romani
704 1934 937 1970 summam,
957 1934 1056 1960 cum
1074 1934 1123 1960 ea
1140 1919 1410 1969 amitterent,
1430 1920 1522 1960 sine
1538 1919 1818 1975 religionibus

249 2012 339 2039 non
360 1998 552 2040 fuerunt.

335 2129 409 2170 26.
488 2129 646 2170 Videte
666 2129 812 2184 igitur,
836 2144 890 2170 ne
912 2129 981 2170 ille
1003 2144 1134 2185 regna
1156 2129 1379 2184 dispenset
1401 2130 1523 2170 cuius
1546 2134 1612 2170 est
1634 2134 1678 2170 et
1699 2128 1816 2170 orbis

252 2208 326 2263 qui
344 2213 552 2263 regnatur
570 2214 613 2249 et
632 2208 762 2249 homo
780 2208 872 2263 ipse
891 2208 965 2262 qui
982 2213 1149 2263 regnat,
1170 2222 1224 2248 ne
1240 2208 1310 2248 ille
1328 2208 1445 2249 uices
1462 2208 1816 2249 dominationum
1838 2222 1857 2245 2
1862 2222 1882 2254 5

250 2285 356 2340 ipsis
377 2286 651 2341 temporibus
670 2286 714 2327 in
736 2286 908 2327 saeculo
930 2286 1144 2327 ordinarit
1165 2286 1239 2340 qui
1261 2291 1364 2326 ante
1386 2299 1514 2326 omne
1535 2290 1711 2340 tempus
1732 2286 1818 2328 fuit

252 2369 296 2405 et
315 2364 537 2405 saeculum
558 2378 715 2419 corpus
735 2370 986 2419 temporum
1006 2364 1123 2414 fecit,
1145 2379 1200 2405 ne
1219 2364 1289 2405 ille
1310 2364 1513 2406 ciuitates
1534 2364 1719 2406 extollat
1738 2370 1818 2406 aut

251 2444 472 2499 deprimat
490 2445 571 2487 sub
592 2461 679 2500 quo
699 2446 785 2487 {uit
803 2446 895 2487 sine
914 2445 1171 2487 ciuitatibus
1190 2446 1429 2500 aliquando
1448 2460 1552 2500 gens
1572 2445 1814 2487 hominum.

253 2524 367 2575 Quid
400 2527 580 2568 erratis?
631 2528 747 2582 prior
779 2533 845 2569 est
876 2527 1142 2582 quibusdam
1174 2527 1266 2568 deis
1296 2527 1384 2568 suis
1415 2527 1625 2568 siluestris
1657 2527 1814 2577 Roma,

251 2613 356 2648 ante
402 2609 604 2663 regnauit
651 2624 786 2663 quam
834 2615 1011 2650 tantum
1060 2608 1279 2650 ambitum
1328 2608 1531 2663 Capitolii
1579 2613 1814 2651 extrueret.
1837 2625 1884 2658 30

252 2687 567 2742 Regnauerant
594 2694 639 2730 et
666 2689 899 2744 Babylonii
927 2694 1031 2730 ante
1059 2689 1307 2738 Pontifices,
1337 2694 1382 2729 et
1409 2687 1523 2729 Me'di
1551 2693 1655 2729 ante
1683 2688 1815 2738 Quin-

252 2767 526 2819 decimuiros,
558 2774 603 2810 et
631 2770 837 2825 Aegyptii
866 2776 970 2811 ante
999 2770 1150 2820 Salios,
1182 2774 1226 2811 et
1254 2769 1419 2824 Assyrii
1449 2774 1553 2811 ante
1582 2769 1814 2825 Lupercos,

253 2853 298 2889 et
331 2848 576 2890 Amazones
611 2855 715 2891 ante
749 2850 948 2905 Virgines
982 2850 1192 2891 Vestales,
1254 2850 1482 2891 Postremo
1518 2850 1552 2892 si
1587 2850 1817 2892 Romanae
