1975 3306
83 202 124 243 p.
153 187 280 230 1101.
307 188 377 241 30]
536 188 980 232 APOLOGETIOVS
1014 192 1080 241 38,
1116 193 1168 233 39
1551 191 1630 232 387

80 303 414 344 controuersiam
446 304 581 346 isdem
615 304 887 355 Christianis,
909 306 956 347 id
989 312 1047 348 est
1075 307 1246 361 corpori
1274 311 1311 347 et
1333 305 1635 348 conuenticulis

80 386 237 421 eorum,
280 373 405 414 reddi
450 373 712 415 iubebis...in
758 374 911 429 quibus
953 375 1145 417 omnibus
1179 375 1427 430 supradicto
1469 375 1636 429 corpori

83 440 428 483 Christianorum
460 443 797 484 intercessionem
826 449 946 484 tuam
976 445 1315 499 efficacissimam
1346 443 1535 486 exhibere
1566 443 1634 485 de-

80 510 199 553 bebis.
263 511 444 554 Cassian
478 512 586 554 Inst.
624 523 658 553 II
695 515 719 554 5
758 528 797 568 p.
839 515 889 553 21
928 513 952 554 l.
985 516 1039 555 24
1077 514 1243 556 Petsch.
1277 515 1455 569 quinam
1486 514 1636 555 modus

80 580 293 622 cotidiano
344 582 481 623 cultui
515 596 597 636 per
637 582 887 623 <uniuersum
927 583 1231 637 fraternitatis
1273 598 1424 638 empus
1469 583 1638 625 decerni
1655 602 1674 634 5

80 650 254 699 deberet,
306 653 538 693 tractaturi
589 653 850 694 conueniunt.
934 653 1094 695 Arnob.
1149 665 1163 694 Ι
1217 655 1269 695 16
1317 655 1506 709 corporis
1553 668 1636 695 non

81 721 216 761 nostri
250 722 282 774 )(
318 719 598 770 Christianos,
636 723 656 761 1
692 720 787 763 Cor.
828 723 882 763 10
922 724 987 762 12.
1052 722 1307 763 Tzschirner
1341 723 1501 777 [where
1517 725 1563 777 η.

169 804 207 845 p.
234 792 317 831 110
348 791 373 831 l.
403 792 456 831 28
490 802 625 832 MANV
655 802 801 832 FACTA
832 792 901 832 Ad
935 792 1058 848 Scap.
1084 795 1106 832 5
1134 793 1300 834 Arrius
1324 795 1569 835 Antoninus
1589 794 1634 834 in

82 859 195 900 Asia
210 874 305 900 oum
313 867 642 914 persequeretur
657 860 879 910 instanter,
899 876 1039 902 omnes
1052 861 1176 902 iltius
1190 862 1382 904 ciuitatis
1398 862 1637 904 Christiani

82 935 179 970 ante
202 929 439 970 tribunalia
460 930 552 971 eius
577 945 619 971 se
646 945 776 971 manu
797 930 928 986 facta
951 931 1201 973 obtulerunt.
1266 931 1506 973 Woodham
1528 932 1636 974 cites
1658 948 1699 971 10

81 999 242 1040 Arnob.
267 1011 282 1040 Ι
307 1002 360 1040 14
382 1001 550 1042 collatis
561 1001 759 1055 precibus
781 1002 1016 1043 adoramus
1034 1007 1112 1043 etc.
1180 1001 1302 1043 Pont.
1326 1002 1416 1044 Visa.
1435 1002 1561 1058 Cypr.
1582 1004 1635 1044 16

81 1069 142 1111 sic
163 1076 305 1111 autem
334 1071 556 1112 comitatui
584 1070 674 1111 eius
695 1071 891 1126 infinitus
912 1072 1120 1113 exereitus
1141 1072 1411 1121 adhaerebat,
1433 1073 1558 1127 quasi
1580 1073 1638 1114 ad

80 1139 410 1194 eoepuynandam
437 1145 614 1181 mortem
641 1155 773 1181 manu
793 1140 924 1196 facta
955 1141 1184 1183 ueniretur.
1248 1140 1485 1182 Liebenam
1514 1142 1635 1183 Rom.

83 1209 362 1251 Vereinswes.
388 1210 468 1250 271
493 1224 532 1250 n.
559 1212 594 1251 1.

170 1295 208 1335 p.
249 1282 332 1320 110
366 1280 389 1321 l.
424 1282 478 1321 30
505 1291 692 1321 ORAMVS
726 1295 758 1321 c.
801 1282 985 1322 30—33.
1048 1280 1308 1336 Fragments
1342 1281 1389 1321 of
1415 1279 1636 1336 primitive
1659 1300 1699 1332 15

82 1350 246 1407 liburgy
284 1351 422 1392 Blunt
459 1350 576 1392 First
610 1351 750 1392 Three
788 1350 1020 1393 Centuries
1048 1366 1081 1392 c.
1112 1353 1136 1391 2
1167 1366 1244 1407 eg.
1277 1366 1316 1407 p.
1355 1353 1421 1393 36.
1484 1352 1532 1392 ef.
1571 1350 1637 1392 De

83 1421 203 1464 Orat.
220 1424 274 1462 22
290 1422 457 1475 [rather
480 1424 561 1463 2352
592 1422 642 1463 A.
660 1421 738 1476 S.].
793 1422 951 1464 Euseb.
968 1422 1056 1463 Vita.
1076 1421 1223 1465 Consb.
1248 1434 1298 1463 IV
1318 1424 1382 1463 20.
1426 1422 1637 1463 Athamas.

78 1491 208 1548 ,APOL
231 1491 285 1532 ad
319 1491 466 1534 Cons‘o.
491 1494 526 1542 (Ι
551 1495 588 1540 1,
612 1494 745 1545 2392).
808 1492 969 1533 Arnob.
995 1504 1044 1532 IV
1069 1495 1122 1534 36
1158 1507 1258 1533 nam
1290 1498 1436 1534 nostra
1467 1492 1638 1547 quidem

83 1563 247 1617 scripta
279 1577 355 1603 cur
386 1561 556 1616 ignibus
586 1568 835 1603 meruerunt
866 1562 993 1603 dari?
1045 1577 1120 1604 eur
1148 1562 1396 1603 immaniter
1428 1561 1636 1603 conuenti-

84 1632 182 1673 cula
204 1632 337 1680 dirui,
358 1631 405 1672 in
427 1631 578 1686 quibus
599 1647 790 1673 summus
817 1638 967 1673 oratur
993 1632 1105 1681 deus,
1129 1647 1221 1687 paoe
1252 1632 1411 1673 cunctis
1441 1637 1480 1672 et
1509 1631 1636 1671 uenia
1656 1647 1700 1669 20

79 1701 328 1757 postulatur
355 1701 681 1755 mayistratibus
703 1701 951 1742 esem-cuibus
971 1701 1140 1756 regibus
1160 1700 1471 1756 fitmiliaribus
1491 1700 1636 1740 inimi-

84 1772 155 1821 cis,
184 1771 322 1812 adhuc
353 1771 492 1811 uitam
523 1770 766 1825 deyentibus
791 1776 828 1812 et
857 1771 1057 1812 resolutis
1085 1786 1311 1825 corporum
1343 1771 1564 1817 uinctione,
1591 1770 1638 1810 in

84 1841 234 1896 quibus
263 1841 388 1882 aliud
416 1841 599 1882 auditur
629 1841 739 1882 nihil
766 1842 852 1882 nisi
880 1842 990 1896 quod
1011 1841 1219 1882 humanos
1238 1841 1396 1896 faeiat,
1419 1841 1506 1881 nisi
1528 1840 1638 1895 quod

84 1912 206 1953 mites
227 1912 484 1953 verecundos
500 1912 683 1966 pudicos
714 1918 850 1953 castos
871 1911 1124 1967 familiaris
1154 1912 1528 1953 communicatores
1550 1910 1614 1951 rei
1622 1911 1639 1951 ,ἵ

85 1980 215 2037 Cyril.
259 1982 426 2023 Hieros.
470 1981 564 2024 Cat.
603 1984 627 2023 5
664 1982 793 2037 Myst.
829 1984 866 2031 8,
904 1981 1054 2037 Migne
1093 1981 1136 2022 P.
1155 1981 1204 2022 G.
1238 1992 1397 2021 XXXIII
1432 1996 1471 2036 p.
1508 1982 1638 2021 1116ῗῦι
1657 1993 1699 2024 25

85 2054 435 2106 παρακαλοῦμεν
472 2050 547 2093 τὸν
582 2049 680 2093 θεὸν
715 2051 825 2106 ὑπὲρ
859 2054 1008 2103 κοινῆς
1043 2052 1129 2092 τῶν
1171 2050 1421 2101 ἐκκλησιῶν
1455 2049 1639 2105 εἰρήνης,

88 2120 199 2175 ὑπὲρ
232 2124 309 2174 τῆς
341 2123 419 2162 τοῦ
452 2119 624 2173 κόσμου
657 2120 929 2168 εὐσταθείας,
955 2120 1066 2175 ὑπὲρ
1090 2120 1336 2171 βασιλέων,
1360 2119 1470 2175 ὑπὲρ
1503 2136 1639 2174 στρα-

87 2193 259 2233 τιωτῶν
300 2190 372 2232 καὶ
420 2189 686 2246 συμμάχων,
731 2190 842 2244 ὑπὲρ
884 2192 971 2231 τῶν
1014 2190 1059 2231 ἐν
1100 2189 1362 2237 ἀσθενείαις,
1400 2189 1510 2245 ὑπὲρ
1553 2191 1640 2231 τῶν

88 2258 485 2311 καταπονουμένων
520 2259 593 2300 καὶ
632 2259 914 2311 ἁπαξαπλῶς
947 2258 1058 2313 ὑπὲρ
1090 2257 1272 2300 πάντων
1307 2257 1518 2309 βοηθείας
1551 2256 1638 2299 δεο-

87 2328 238 2383 μένων.
303 2327 565 2383 Martyrium
596 2327 845 2369 sebastiani
873 2330 926 2369 23
958 2326 978 2384 ξ
1004 2330 1057 2369 85
1089 2342 1170 2382 pro
1204 2328 1341 2369 salute
1371 2333 1445 2368 tua
1475 2341 1639 2382 semper
1657 2347 1702 2378 30

91 2397 306 2439 Christum
328 2392 440 2439 colui
460 2403 498 2438 et
513 2411 596 2451 pro
617 2402 731 2438 statu
753 2396 865 2438 orbis
889 2397 1066 2451 imperii
1087 2397 1277 2438 Romani
1298 2396 1506 2450 [Romani
1527 2396 1639 2438 orbis

89 2467 239 2524 Migne
263 2467 356 2509 P.L.
381 2478 494 2507 XVII.
518 2466 568 2507 A.
585 2465 646 2521 S]
673 2467 799 2507 illum
829 2467 903 2521 qui
933 2467 979 2507 in
1008 2466 1137 2508 caelis
1166 2472 1225 2507 est
1251 2480 1416 2520 semper
1442 2465 1639 2507 adoraui.

89 2537 266 2594 Dionys.
298 2537 420 2578 Alex.
454 2536 501 2577 in
531 2536 685 2577 Euseb.
715 2536 830 2577 Hist.
859 2536 969 2577 Ecol.
1004 2547 1073 2576 VII
1108 2538 1143 2577 1.
1207 2536 1320 2576 Acta
1352 2534 1428 2576 SS.
1462 2534 1639 2576 Achatii

88 2606 155 2659 (in
186 2607 405 2659 Ruinart).
468 2605 624 2646 Iustin.
663 2605 786 2660 Apol.
822 2616 837 2645 I
872 2620 903 2645 c.
944 2607 997 2646 65
1033 2620 1092 2660 pr.
1127 2619 1167 2660 p.
1205 2603 1276 2645 97Ο
1314 2602 1461 2649 κοινὰς
1504 2602 1640 2660 εὐχὰς

89 2675 377 2730 ποιησόμενοι
412 2676 522 2729 ὑπέρ
557 2693 604 2717 τε
637 2675 802 2716 ἑαυτῶν
837 2675 911 2716 καὶ
940 2677 1019 2717 τοῦ
1053 2672 1355 2731 φωτισθέντος
1385 2673 1455 2715 καὶ
1485 2672 1640 2716 ἄλλων
1659 2692 1700 2723 35

87 2750 326 2803 πανταχοῦ
363 2745 545 2788 πάντων
579 2743 772 2788 εὐτόνως.
834 2760 866 2786 C.
904 2747 958 2785 14
994 2760 1033 2801 p.
1078 2747 1149 2786 610
1185 2744 1293 2799 ὑπὲρ
1337 2746 1424 2786 τῶν
1465 2744 1639 2800 ἐχθρῶν

91 2813 332 2871 εὐχόμενοι.
394 2830 426 2855 c.
463 2813 515 2855 17
550 2829 589 2870 p.
629 2813 704 2855 64d
741 2813 841 2856 ὅθεν
876 2812 973 2855 θεὸν
1006 2813 1084 2866 μὲν
1119 2811 1254 2867 μόνον
1296 2815 1641 2867 προσκυνοῦμεν,

91 2885 193 2937 ὑμῖν
230 2884 274 2927 δὲ
308 2883 419 2939 πρὸς
456 2883 512 2926 τὰ
546 2883 669 2925 ἄλλα
702 2883 934 2940 χαίροντες
973 2883 1289 2939 ὑπηρετοῦμεν,
1317 2883 1529 2934 βασιλεῖς
1566 2882 1641 2924 καὶ

1402 2970 1531 3005 25u—2
