1975 3306
337 72 421 112 414
910 70 1317 112 TERTVLLIANI
1570 73 1630 127 [p.
1660 74 1741 114 120
1762 72 1788 115 l.
1814 74 1896 114 3—

337 187 448 242 qnod
490 203 517 229 (ι
558 187 676 228 uobis
717 201 800 228 non
833 186 1002 228 colatur
1031 185 1335 241 dens...ntique
1366 186 1535 241 quando
1567 201 1617 228 ea
1639 187 1755 242 finnt
1786 201 1894 242 quae

335 259 447 299 iram
485 257 554 298 dei
583 256 854 310 indiynantis
885 255 1105 297 ostendunt
1135 270 1218 296 ‘non
1243 261 1424 311 propter
1454 271 1528 298 nos
1546 256 1663 312 finnt
1694 273 1721 298 a
1744 257 1894 313 quibus

335 329 438 371 deus
470 329 635 375 colitur,
657 326 730 368 sed
760 326 927 368 delictis
959 332 996 367 et
1024 326 1190 368 meritis
1225 326 1375 367 nestris
1405 327 1673 381 inre-qantur,
1697 343 1724 369 ct
1745 327 1895 383 quibus

335 400 436 442 deus
468 398 637 440 omnino
670 412 741 438 nec
773 396 995 452 quaeritur
1025 411 1097 437 nec
1128 396 1310 437 timetur.
1373 396 1533 438 Arnob.
1572 408 1588 437 Ι
1627 399 1650 437 2
1693 397 1894 453 efficietur

293 482 313 514 5
335 471 449 513 enim
474 467 668 525 profecto
700 467 920 508 rationum
950 467 1287 522 conseq-nentium
1330 467 1540 522 copulatu,
1571 473 1618 509 ut
1650 483 1733 509 non
1766 468 1896 523 impii

334 555 409 581 >nos
439 538 581 593 mayis
611 537 684 579 sed
715 537 789 578 illi
817 536 904 591 ipsi
935 537 1211 591 reperiantur
1244 537 1440 579 criminis
1481 537 1606 578 istius
1636 537 1712 586 rei,
1745 538 1820 592 qni
1851 552 1894 579 se

337 609 560 651 numinum
576 607 835 663 profitentur
857 620 942 647 esse
970 607 1148 648 cultores
1179 612 1303 661 atque
1333 606 1585 648 inueteratis
1616 607 1894 663 reliyionibns

334 679 509 721 deditos.
571 677 688 719 Lacu.
728 688 757 717 V
793 679 818 718 8
850 675 869 733 ἓ
907 679 930 717 5
965 676 1113 718 discite
1143 677 1280 732 igitur
1310 676 1368 729 (si
1401 676 1506 731 quid
1542 676 1659 718 uobis
1700 678 1892 733 reliquae

333 751 484 793 mentis
506 751 584 801 est)
606 748 797 790 homines
818 747 912 789 ideo
936 747 1071 789 malos
1093 754 1131 789 et
1152 748 1332 789 iniustos
1360 762 1456 797 esse,
1477 747 1580 802 quia
1609 747 1657 788 di
1685 747 1892 798 coluntur,

272 834 313 856 10
333 827 371 863 et
404 821 497 862 ideo
537 819 656 860 mala
691 818 834 860 omnia
877 817 999 859 rebus
1032 817 1233 858 humanis
1263 817 1415 859 cotidie
1456 817 1760 872 inqranewere,
1789 817 1892 872 quia

333 892 434 933 dens
476 890 603 931 liuius
656 888 809 930 mnndi
849 887 1016 943 effector
1067 893 1105 929 et
1148 886 1408 942 gubernator
1453 887 1625 928 relictus
1676 893 1746 936 est,
1788 888 1890 942 quia

332 964 547 1016 susceptae
577 965 675 1001 szmt
707 965 854 1001 contra
882 973 1011 1014 qnam
1032 957 1115 1014 fas
1144 963 1213 1007 est,
1236 959 1399 1013 impiae
1420 957 1658 1013 reliyz’ones,
1675 964 1890 1013 postremo

332 1032 435 1088 qnia
466 1046 517 1073 ne
549 1030 631 1072 coli
661 1029 830 1085 quidem
860 1028 928 1070 uel
958 1044 1000 1069 a⁴
1012 1028 1171 1083 paucis
1198 1028 1324 1069 deum
1351 1028 1505 1069 sinitis.
1566 1025 1586 1084 ξ
1610 1030 1658 1068 11
1684 1029 1890 1071 uniuersa

331 1102 469 1157 iyitnr
504 1100 636 1149 malci,
671 1098 821 1155 quibus
855 1098 1091 1139 hamanum
1122 1113 1255 1152 yenus
1290 1113 1332 1139 se
1362 1098 1460 1153 ipsa
1497 1098 1670 1153 conficit,
1706 1099 1890 1141 iniustus

268 1181 310 1214 15
332 1178 456 1227 atque
477 1171 639 1226 impias
661 1169 835 1211 deorum
859 1169 997 1210 cultus
1017 1167 1189 1209 indum-it
1203 1183 1218 1218 ‚·
1250 1182 1323 1209 nec
1345 1167 1458 1209 enim
1488 1174 1687 1223 poterant
1708 1169 1889 1211 retinere

325 1243 531 1298 pietatem
564 1240 637 1296 qui
669 1253 929 1282 communem
959 1238 1149 1279 omnium
1176 1244 1345 1294 patrem
1382 1238 1507 1279 deum
1536 1243 1758 1294 tamqnam
1784 1254 1886 1295 pro-

331 1312 424 1367 dign'
475 1326 525 1352 ac
571 1310 745 1351 rebelles
796 1308 922 1349 liberi
973 1307 1256 1363 abneyassent.
1319 1307 1370 1350 cf.
1411 1305 1431 1364 ἓ
1472 1309 1509 1350 8.
1585 1307 1800 1349 Maximin
1841 1308 1886 1350 in

331 1381 489 1423 Euseb.
512 1380 627 1421 Hisb.
651 1379 762 1420 Eccl.
797 1390 848 1419 IX
882 1378 904 1419 7
938 1376 978 1435 ἓξ
1011 1381 1151 1419 8—11
1191 1377 1378 1419 ascribes
1416 1377 1698 1420 missortunes
1733 1384 1777 1420 1ῑο
1810 1379 1886 1421 the
1952 1374 1955 1376 ’

329 1452 496 1508 spread,
519 1449 763 1507 prosperity
787 1455 831 1491 bo
862 1449 936 1491 the
959 1449 1160 1490 downfall
1183 1449 1230 1490 of
1260 1448 1563 1504 Christianiby.
1624 1449 1779 1492 Euseb.
1803 1465 1834 1492 c.
1859 1453 1885 1492 8

264 1538 309 1561 20
327 1523 524 1565 confutes
547 1521 651 1562 him.
703 1520 818 1576 Aug.
835 1520 901 1561 De
919 1519 1016 1562 Ciu.
1033 1519 1117 1561 Dei
1140 1532 1170 1560 V
1194 1521 1258 1561 22.
1311 1520 1427 1561 Zeno
1450 1520 1711 1562 Veronensis
1733 1520 1885 1563 Sermo

328 1594 380 1635 de
404 1592 483 1633 Iob
505 1591 587 1645 (ed.
613 1589 834 1640 Ballerini‚
858 1590 1013 1631 Veron.
1039 1589 1162 1639 1739,
1186 1605 1224 1646 p.
1253 1591 1353 1643 190)
1375 1590 1501 1632 scidit
1522 1591 1772 1633 uestimenta
1793 1606 1884 1641 sna,

326 1679 408 1705 non
432 1668 476 1703 nt
498 1662 573 1703 (leo
595 1660 814 1701 inuidiam
824 1659 994 1716 faceret
1015 1665 1097 1701 cet.

415 1748 455 1789 p.
492 1733 576 1772 120
619 1731 643 1771 l.
679 1733 704 1770 4
743 1741 925 1771 INLICES
968 1730 1034 1771 De
1078 1729 1245 1771 Paenib.
1290 1732 1313 1772 9
1357 1731 1717 1772 conversationem
1760 1731 1883 1772 mise-

329 1803 541 1846 ricordiae
571 1802 754 1843 inlicem.
817 1800 984 1843 Paulin.
1008 1800 1107 1841 Nol.
1137 1815 1202 1856 ep.
1226 1802 1282 1842 40
1312 1802 1348 1842 9.
1374 1803 1424 1841 41
1452 1802 1490 1842 2.
1551 1815 1677 1842 carm.
1702 1802 1757 1841 24
1788 1799 1882 1843 719.

262 1885 305 1917 25
328 1877 380 1916 25
408 1876 500 1914 119.
564 1871 707 1912 Plaut.
728 1870 859 1927 Apul.
883 1870 1090 1912 Prudent.

415 1959 454 2000 p.
479 1944 563 1984 120
592 1942 616 1983 1.
641 1944 665 1983 5
697 1941 760 1983 Cf.
795 1943 848 1982 22
871 1941 941 1982 fin.
972 1956 1011 1997 p.
1042 1940 1095 1982 78
1128 1947 1173 1983 ut
1206 1941 1388 1983 numina
1419 1941 1585 1997 lapides
1614 1941 1884 1984 crederentur

329 2021 371 2057 zat
393 2014 494 2056 dens
516 2028 644 2054 uerus
666 2027 748 2053 non
770 2018 1057 2067 quaereretur.

414 2100 451 2140 p.
477 2085 560 2124 120
583 2083 608 2123 1.
634 2080 656 2123 7
682 2081 843 2123 Arnob.
867 2093 902 2122 ΙΙ
926 2080 994 2124 76.
1055 2082 1170 2138 Aug.
1193 2082 1259 2124 De
1283 2081 1379 2125 Ciu.
1402 2082 1486 2124 Dei
1510 2094 1525 2123 Ι
1549 2085 1614 2125 29.

414 2169 452 2210 p.
479 2155 561 2194 120
586 2152 627 2193 ll.
652 2153 796 2193 8—10
827 2152 1003 2193 Holden
1033 2167 1087 2193 on
1113 2152 1272 2194 Minue.
1299 2155 1351 2193 12
1373 2150 1444 2209 §2
1499 2152 1607 2194 Otto
1640 2168 1695 2194 on
1723 2153 1880 2196 Iustin.

261 2237 306 2269 30
326 2224 448 2280 Apol.
473 2234 507 2264 ΙΙ
538 2224 562 2263 5
593 2236 652 2277 pr.
717 2220 827 2263 Cels,
851 2221 896 2262 in
927 2220 1043 2277 Orig.
1069 2233 1156 2262 V111
1186 2224 1251 2264 69.
1315 2221 1475 2263 Arnob.
1500 2233 1535 2263 ΙΙ
1564 2221 1617 2265 76
1645 2237 1708 2278 pr.
1731 2222 1878 2266 Orelli.

326 2292 481 2334 Euseb.
507 2290 623 2332 Hist.
648 2290 758 2332 Eccl.
782 2302 812 2330 V
843 2292 866 2330 2
899 2288 919 2346 ξ
941 2293 977 2332 5.
1040 2290 1091 2332 D.
1108 2290 1158 2331 E.
1181 2302 1211 2331 X
1242 2293 1279 2332 8.
1345 2290 1478 2332 Clem.
1502 2291 1627 2332 Alex,
1649 2291 1806 2334 Strom.
1830 2302 1878 2332 lv

324 2378 379 2404 cc.
413 2365 479 2402 11.
510 2362 562 2401 12
597 2375 667 2416 pp.
706 2362 801 2402 599.
837 2362 921 2402 600
956 2361 998 2403 Ρ.
1062 2360 1181 2402 Lacu.
1215 2372 1244 2404 ,ν
1281 2362 1345 2402 22.
1409 2359 1626 2402 Gaudent.
1659 2360 1794 2402 Praef.
1823 2361 1878 2402 ad

325 2434 488 2474 Beneu.
510 2446 579 2487 pp.
604 2431 670 2471 46.
694 2431 760 2471 47.

411 2518 452 2558 p.
488 2502 569 2541 120
605 2500 628 2541 l.
666 2502 689 2541 9
723 2511 1054 2541 REPERCVTERE
1097 2515 1129 2541 c.
1175 2502 1227 2541 15
1263 2500 1333 2542 fin.
1396 2500 1462 2542 De
1495 2500 1645 2542 Idolol.
1685 2502 1709 2541 5
1747 2516 1785 2557 p.
1822 2503 1877 2543 34

258 2573 347 2615 351.
383 2575 434 2614 113
470 2570 594 2611 Wiss.
658 2569 724 2610 De
763 2569 909 2610 Pudic.
949 2571 971 2610 7
1006 2585 1045 2625 p.
1081 2571 1159 2611 231
1196 2570 1220 2611 l.
1255 2573 1278 2611 5
1316 2569 1438 2612 Wiss.
1472 2570 1577 2612 with
1612 2569 1805 2612 Oehler's
1836 2586 1876 2614 n.

322 2642 454 2696 (Adu.
480 2641 687 2695 Hermog.
713 2641 764 2680 12
787 2655 828 2695 p.
853 2641 934 2681 139
959 2640 981 2681 l.
1007 2641 1061 2681 20
1082 2640 1153 2682 Kr.
1218 2640 1285 2681 De
1315 2639 1459 2682 Anim.
1490 2642 1543 2682 23
1570 2640 1640 2682 fin.
1668 2639 1712 2681 in
1742 2641 1875 2696 Hau.)

322 2712 434 2753 Adu.
459 2711 587 2753 Marc.
614 2722 626 2749 1
652 2712 676 2751 9
700 2725 760 2766 pr.
825 2709 932 2751 Plin.
957 2710 997 2751 h.
1018 2725 1059 2751 n.
1123 2710 1306 2763 Quintil.

411 2795 448 2835 p.
475 2781 557 2820 120
580 2779 606 2820 1.
630 2781 679 2819 11
706 2790 1068 2828 RETORQVEBITIS
1119 2779 1268 2835 (Apul.
1296 2779 1472 2821 Metam.
1496 2791 1564 2820 vn
1589 2780 1653 2820 20.
1717 2778 1873 2822 lustin.
