1975 3306
310 213 363 253 68
887 211 1293 253 TERTVLLIANI

311 332 505 369 extorres
525 332 746 383 uagantur
767 341 843 382 per
864 327 1015 370 orbem
1036 327 1128 369 sine
1149 328 1337 378 homine,
1361 327 1453 369 sine
1474 327 1555 368 deo
1577 341 1687 383 rege,
1711 327 1871 382 quibus

309 411 389 438 nec
423 397 695 438 aduenarum
729 397 822 438 iure
855 402 1018 438 terram
1053 397 1244 453 patriam
1278 397 1426 439 saltim
1460 396 1645 452 uestigio
1679 397 1871 439 salutare

309 466 575 508 conceditur.
637 466 747 508 Cum
794 466 901 507 haec
946 467 1029 508 illis
1075 472 1255 508 sanctae
1300 481 1430 508 uoces
1477 467 1868 522 praeminarentur,

310 536 463 577 eadem
486 550 657 591 semper
681 550 832 577 omnes
854 536 1114 592 ingerebant
1136 537 1228 578 fore
1252 536 1317 578 uti
1341 536 1422 578 sub
1448 536 1623 578 extimis
1648 536 1871 578 curriculis

309 606 469 647 saeculi
499 620 553 647 ex
581 606 701 647 omni
728 606 817 647 iam
845 611 976 662 gente
1005 611 1050 647 et
1077 606 1240 662 populo
1271 611 1315 647 et
1342 606 1437 647 loco
1467 606 1655 647 cultores
1683 606 1765 648 sibi
1794 606 1868 648 ad·
1889 621 1909 653 5

307 676 470 731 legeret
515 675 622 716 deus
668 676 809 717 multo
855 676 1070 717 fideliores
1115 676 1161 717 in
1207 690 1318 731 quos
1363 676 1551 731 gratiam
1598 676 1867 726 transferret,

308 745 546 800 pleniorem
572 745 750 800 quidem
776 745 831 787 ob
858 745 1112 801 disciplinae
1138 745 1344 787 auctioris
1369 745 1676 801 capacitatem.
1737 745 1870 787 Venit

305 814 440 870 igitur
470 815 545 870 qui
575 815 632 856 ad
661 815 987 856 reformandam
1019 821 1063 857 et
1090 815 1443 857 inluminandam
1474 829 1570 856 eam
1601 820 1814 856 uenturus
1844 830 1869 856 a

307 889 388 932 deo
434 890 844 945 praenuntiabatur,
892 890 1090 932 Christus
1133 890 1203 931 ille
1247 889 1361 931 filius
1405 889 1487 931 dei.
1547 888 1693 931 Huius
1737 890 1870 945 igitur

307 965 474 1020 gratiae
507 965 849 1022 disciplinaeque
883 964 1047 1007 arbiter
1081 970 1126 1006 et
1159 965 1378 1020 magister,
1413 964 1700 1006 inluminator
1733 971 1868 1020 atque
1891 982 1934 1006 10

307 1039 521 1082 deductor
542 1040 709 1096 generis
732 1040 913 1081 humani
936 1040 1050 1082 filius
1073 1040 1141 1081 dei
1165 1040 1537 1082 adnuntiabatur:
1579 1055 1667 1081 non
1690 1040 1867 1095 quidem

305 1115 370 1156 ita
398 1115 584 1170 genitus,
615 1120 667 1156 ut
695 1115 925 1156 erubescat
951 1115 997 1156 in
1025 1115 1100 1156 filii
1129 1115 1305 1156 nomine
1334 1120 1413 1156 aut
1441 1114 1495 1155 de
1523 1115 1661 1170 patris
1689 1099 1873 1157 seminet¹⁴

307 1191 408 1233 Non
433 1191 486 1232 de
510 1190 668 1232 sororis
691 1191 858 1231 incesto
882 1204 962 1231 nec
987 1190 1040 1231 de
1064 1196 1218 1245 stupro
1242 1190 1357 1231 filiae
1381 1196 1460 1231 aut
1484 1190 1678 1246 coniugis
1702 1174 1872 1233 alienae

306 1266 438 1308 deum
469 1271 642 1322 patrem
676 1280 831 1321 passus
862 1270 928 1307 est
956 1271 1242 1321 squamatum
1272 1270 1352 1306 aut
1382 1270 1616 1306 cornutum
1655 1271 1735 1307 aut
1773 1266 1866 1321 plu-

306 1347 492 1393 matum,
511 1347 755 1383 amatorem
772 1341 817 1382 in
834 1355 940 1382 auro
959 1355 1218 1383 conuersum
1235 1341 1461 1382 Danaidis.
1514 1341 1634 1382 Iouis
1653 1341 1739 1383 ista
1762 1348 1868 1384 sunt
1890 1358 1932 1391 15

305 1417 487 1458 numina
507 1421 668 1458 uestra.
730 1415 933 1457 Ceterum
953 1415 1022 1457 dei
1042 1415 1156 1457 filius
1176 1415 1342 1456 nullam
1362 1415 1416 1456 de
1435 1415 1712 1471 impudicitia
1733 1416 1868 1459 habet

306 1497 516 1542 matrem;
554 1491 688 1533 etiam
708 1505 842 1546 quam
861 1491 1038 1533 uidetur
1056 1491 1229 1541 habere,
1251 1505 1340 1532 11011
1358 1496 1582 1546 nupserat.
1644 1491 1728 1533 Sed
1747 1492 1867 1547 prius

303 1567 601 1609 substantiam
631 1566 878 1616 edisseram,
911 1571 956 1607 et
982 1566 1047 1607 ita
1075 1566 1326 1608 natiuitatis
1356 1566 1546 1621 qualitas
1574 1566 1863 1623 intellegetur.

304 1643 401 1684 Iam
422 1643 639 1684 ediximus
659 1642 790 1683 deum
810 1641 1146 1683 uniuersitatem
1167 1641 1281 1682 hanc
1300 1641 1455 1683 mundi
1475 1641 1610 1683 uerbo
1632 1647 1676 1683 et
1695 1642 1866 1684 ratione

305 1722 350 1759 et
369 1717 537 1759 uirtute
558 1717 774 1758 molitum.
835 1715 968 1771 Apud
989 1721 1159 1757 uestros
1180 1730 1356 1771 quoque
1382 1716 1603 1771 sapientes
1630 1717 1714 1757 AO
1723 1716 1862 1768 PON,
1886 1733 1932 1757 20

300 1792 347 1834 id
392 1798 459 1834 est
502 1806 746 1834 sermonem
791 1796 927 1846 atque
970 1791 1200 1840 rationem,
1248 1795 1425 1832 constat
1468 1790 1681 1832 artificem
1726 1791 1864 1833 uideri

302 1867 616 1909 uniuersitatis.
677 1866 809 1908 Hunc
843 1866 958 1907 enim
991 1865 1107 1907 Zeno
1141 1865 1409 1907 determinat
1440 1864 1753 1916 factitatorem,
1789 1867 1864 1921 qui

303 1948 462 1984 cuncta
487 1943 532 1984 in
558 1941 844 1997 dispositione
869 1940 1149 1990 formauerit3
1194 1939 1381 1981 eundem
1408 1945 1453 1981 et
1477 1939 1621 1981 fatum
1646 1941 1794 1983 uocari
1821 1947 1866 1984 et

302 2017 434 2058 deum
460 2023 505 2059 et
529 2017 727 2058 animum
753 2016 873 2058 Iouis
898 2021 943 2057 et
967 2015 1274 2057 necessitatem
1300 2015 1497 2056 omnium
1522 2030 1680 2057 rerum.
1741 2016 1865 2058 Haec

302 2092 534 2134 Cleanthes
553 2092 598 2133 in
618 2091 822 2147 spiritum
843 2091 1049 2147 congerit,
1072 2104 1204 2145 quem
1224 2095 1544 2145 permeatorem
1563 2091 1864 2134 uniuersitatis
1885 2109 1928 2142 25

301 2166 521 2208 adfirmat.
584 2166 644 2208 Et
663 2180 741 2207 nos
762 2171 912 2207 autem
932 2165 1120 2207 sermoni
1140 2170 1277 2220 atque
1295 2165 1457 2206 rationi
1476 2165 1672 2221 itemque
1691 2166 1861 2218 uirtuti,

301 2256 377 2298 per
397 2256 510 2297 quae
529 2241 676 2283 omnia
696 2241 899 2282 molitum
919 2240 1050 2282 deum
1071 2240 1299 2291 ediximus,
1321 2240 1544 2295 propriam
1564 2240 1861 2283 substantiam

300 2317 503 2373 spiritum
533 2316 824 2367 inscribimus,
856 2316 925 2356 6111
955 2321 1001 2357 et
1030 2330 1171 2356 sermo
1201 2315 1307 2356 insit
1336 2315 1642 2372 pronuntianti
1674 2320 1718 2356 et
1748 2317 1861 2358 ratio

301 2392 418 2433 adsit
454 2391 704 2446 disponenti
743 2396 788 2432 et
824 2391 967 2432 uirtus
1004 2390 1167 2445 praesit
1203 2376 1479 2445 Ρ611161611ἴί.ζ
1517 2389 1650 2430 Η11116
1688 2404 1740 2431 ex
1778 2391 1860 2433 deo

302 2467 523 2521 prolatum
558 2466 790 2507 didicimus
821 2471 866 2507 et
896 2466 1140 2521 prolatione
1169 2469 1426 2520 generatum
1459 2469 1503 2505 et
1530 2464 1691 2506 idcirco
1721 2465 1859 2507 filium
1880 2481 1927 2514 30

301 2540 370 2581 dei
410 2546 454 2582 et
491 2541 621 2581 deum
660 2540 828 2582 dictum
868 2555 920 2581 ex
958 2540 1131 2582 uni-tate
1168 2539 1456 2580 substantiae.
1517 2538 1632 2580 Nam
1671 2544 1716 2581 et
1752 2540 1860 2582 deus

300 2615 492 2669 spiritus.
554 2615 614 2656 Et
640 2629 739 2656 cum
766 2615 914 2656 radius
941 2629 993 2656 ex
1020 2614 1108 2656 sole
1134 2613 1382 2669 porrigitur,
1411 2613 1554 2668 portio
1582 2627 1635 2654 ex
1661 2628 1856 2666 summa;

300 2689 376 2730 sed
406 2689 469 2730 sol
500 2689 581 2730 erit
610 2690 654 2730 in
684 2689 820 2740 radio,
854 2690 957 2745 quia
987 2689 1088 2730 solis
1118 2694 1184 2730 est
1213 2688 1361 2729 radius
1390 2702 1469 2729 nec
1499 2693 1728 2743 separatur
1757 2689 1856 2731 sub-

300 2763 465 2804 stantia
492 2764 567 2805 sed
594 2764 860 2806 extenditur.
921 2765 994 2806 Ita
1021 2764 1075 2805 de
1101 2763 1258 2819 spiritu
1285 2763 1463 2818 spiritus
1491 2768 1535 2804 et
1561 2763 1614 2804 de
1641 2763 1723 2804 deo
1749 2763 1858 2806 deus

300 2842 352 2878 ut
386 2837 534 2878 lumen
570 2838 624 2879 de
659 2839 823 2880 lumine
858 2852 1103 2880 accensum.
1165 2837 1316 2879 Manet
1350 2837 1520 2892 integra
1557 2842 1602 2878 et
1636 2837 1856 2881 indefecta
1876 2857 1921 2890 35
1957 2846 1968 2863 ⁸

300 2911 510 2953 materiae
534 2912 709 2963 matrix,
738 2913 818 2954 etsi
844 2913 988 2968 plures
1011 2912 1114 2954 inde
1137 2911 1342 2954 traduces
1366 2912 1594 2967 qualitatis
1618 2913 1853 2956 mutueris:

1971 2874 1975 2927 l
