1975 3306
118 189 162 230 p.
190 176 270 216 124
291 175 319 217 1.
345 176 416 228 27]
580 174 1025 217 APOLOGETIOVS
1059 177 1128 225 44,
1163 177 1219 215 45
1597 174 1680 214 427

120 291 386 342 emistimatis,
427 306 500 334 nec
540 291 587 332 in
627 291 753 347 furto
810 306 1011 346 nmquam
1052 289 1399 346 deprehendistis,
1441 289 1595 331 nedum
1638 289 1683 329 in

120 362 359 417 sacrileyio.
421 377 561 404 omnes
602 367 755 410 antem,
797 362 871 417 qai
911 362 1069 416 templa
1113 360 1353 416 despoliant
1394 366 1431 402 et
1466 375 1548 415 per
1590 359 1686 401 deos

120 432 270 473 iurant
292 437 329 473 et
350 432 513 473 eosdem
534 432 686 482 colant,
709 438 746 473 et
771 431 1010 473 Christiani
1033 447 1111 473 non
1133 437 1231 473 sunt
1260 437 1297 473 et
1321 431 1524 485 sacrileyi
1545 438 1687 472 tamen

123 501 503 558 deprehenduntnr.
566 502 636 543 fin.
670 507 708 543 et
741 502 881 556 ntique
910 517 959 543 ex
987 501 1220 556 disciplina
1248 501 1483 556 patientiae
1512 500 1688 541 diuinae

123 587 249 627 ayere
272 587 354 621 nos,
376 572 482 613 satis
503 570 781 626 manifestum
803 586 887 613 esse
912 571 1025 612 nobis
1042 577 1188 626 potest,
1211 587 1305 613 cnm
1328 576 1449 612 tanta
1470 571 1687 611 hominum
1708 583 1729 614 5

122 641 364 690 multitado,
400 656 511 696 pars
541 656 680 696 paene
717 641 857 682 maior
891 641 1082 683 ciuitatis
1119 642 1327 696 caiusque,
1365 641 1410 682 in
1448 640 1615 682 silentio
1653 645 1689 681 et

125 711 331 753 modestia
373 712 553 766 aqimus,
590 712 754 767 sinyuli
784 712 905 767 forte
941 713 1032 754 noti
1074 713 1224 767 mayis,
1262 727 1391 767 quani
1428 726 1578 759 omneS,
1617 725 1689 752 nec

125 781 301 823 aliunde
330 781 561 831 noscibiles,
594 797 724 837 qaam
756 781 806 823 de
838 782 1127 824 emendatione
1163 783 1364 824 aitiornm
1392 782 1689 837 pristinorum.

127 851 325 893 Lactant.
354 863 384 891 V
414 853 438 893 9
467 850 486 908 ἓ
515 854 567 893 15
601 867 683 893 ‘non
716 852 828 893 enini
860 852 911 894 de
942 858 1096 901 nostro,
1123 853 1195 894 sed
1226 868 1276 894 ea·
1306 852 1486 893 illornni
1516 865 1691 892 numero

125 936 290 977 semper
321 921 536 971 exsistunt,
559 922 633 976 qni
663 922 762 963 nias
794 921 1011 963 obsideant
1042 923 1215 972 armati,
1242 923 1388 964 maria
1419 921 1692 977 praedentur,
1712 936 1760 958 10

126 992 208 1043 uel,
239 992 277 1033 si
307 991 461 1047 palam
492 992 693 1046 yrassari
731 1007 811 1033 non
850 992 979 1042 licuit,
1012 1007 1173 1034 uenena
1205 992 1318 1034 clam
1349 996 1588 1047 temperent,
1621 990 1695 1045 qni

127 1077 279 1104 uxores
300 1068 452 1112 necent,
475 1068 521 1103 ut
543 1061 657 1103 dotes
679 1077 829 1103 earnm
853 1062 1082 1113 lucrentur,
1105 1069 1180 1105 aut
1202 1063 1393 1111 maritos,
1415 1068 1461 1104 ut
1484 1061 1695 1103 adulteris

129 1132 297 1174 nubant.
376 1131 538 1174 Minue.
577 1133 631 1173 35
666 1129 686 1188 ξ
720 1133 744 1172 5
787 1132 826 1172 si
860 1131 1075 1173 nobiscnm
1114 1132 1352 1174 Christiani
1388 1146 1695 1187 comparemur,

129 1203 328 1259 quamuis
358 1203 406 1243 in
436 1201 656 1243 nonnullis
687 1201 920 1257 disciplina
950 1208 1096 1244 nostra
1125 1204 1266 1244 minor
1297 1209 1366 1253 est,
1388 1202 1521 1244 multo
1554 1208 1695 1243 tamen

130 1273 249 1315 nobis
280 1273 476 1315 meliores
498 1272 871 1328 deprehendemur.
933 1271 952 1329 ξ
975 1275 998 1314 6
1038 1273 1270 1328 ...deniqne
1291 1273 1341 1315 de
1362 1278 1500 1314 uestro
1523 1285 1697 1312 numero
1718 1284 1763 1315 15

132 1359 278 1386 carcer
308 1350 539 1393 exaestuat,
573 1343 846 1385 Christianus
877 1343 937 1385 ibi
968 1344 1113 1385 nullus
1145 1345 1232 1385 nisi
1259 1350 1335 1385 ant
1368 1359 1465 1385 reus
1497 1357 1601 1384 snae
1632 1356 1697 1383 re-

133 1415 305 1469 liyionis
336 1420 412 1456 ant
435 1413 661 1470 profayns.
725 1413 795 1456 On
827 1414 903 1455 ‘che
936 1414 1169 1455 innocence
1204 1414 1251 1455 of
1282 1412 1528 1456 Christians
1562 1412 1700 1453 Blunb

133 1484 252 1526 First
284 1484 424 1526 Three
458 1483 692 1526 Centuries
723 1499 755 1526 e.
784 1486 820 1526 6.
885 1484 1046 1540 Pliny's
1079 1484 1233 1526 Lebter
1265 1484 1336 1538 [ad
1370 1482 1481 1525 Trai.
1516 1485 1569 1525 96
1603 1483 1699 1535 (97)

133 1553 153 1612 ἓ
184 1557 241 1606 8].
303 1555 399 1596 infr.
432 1556 487 1596 46
512 1555 536 1596 f.

224 1638 430 1667 AESTVAT
478 1626 623 1667 Rufin.
666 1625 782 1667 Hist.
835 1625 947 1666 Eccl.
989 1636 1077 1666 VIII
1122 1627 1146 1667 6
1184 1624 1256 1666 fin.
1304 1640 1399 1666 cani
1435 1623 1702 1679 peruenisset
1721 1638 1768 1660 20

136 1697 195 1739 ad
220 1697 466 1752 principem
498 1701 693 1738 aestuare
725 1711 925 1738 carceres.

226 1782 265 1823 p.
293 1768 377 1807 124
400 1766 425 1807 l.
450 1768 503 1806 22
528 1777 744 1806 METALLA
775 1780 807 1807 e.
833 1764 885 1807 27
910 1781 948 1822 p.
975 1768 1028 1808 92
1053 1766 1077 1808 1.
1102 1767 1157 1807 30
1175 1781 1218 1807 n.

226 1853 264 1894 p.
289 1839 374 1878 124
396 1837 423 1878 1.
446 1839 501 1878 23
524 1847 793 1877 MVNERARII
822 1836 1043 1893 Bingham
1068 1847 1151 1877 XVI
1175 1837 1201 1876 4
1225 1838 1250 1877 8
1272 1850 1312 1876 n.
1336 1836 1403 1876 34.

226 1923 266 1964 p.
297 1909 382 1948 124
413 1907 438 1949 l.
468 1908 521 1948 25
555 1918 985 1948 NON-CHRISTIANVS
1017 1906 1179 1948 Oehler
1210 1921 1265 1947 on
1297 1921 1331 1946 c.
1359 1907 1382 1945 2
1416 1920 1454 1960 p.
1487 1906 1565 1944 117
1600 1918 1642 1944 n.
1664 1917 1704 1959 g.

140 1979 193 2020 de
236 1993 281 2020 re
319 1980 374 2020 46
417 1977 490 2018 fin.
540 1976 613 2019 sed
664 1976 774 2019 dicet
826 1977 997 2032 aliquis,
1040 1977 1169 2018 etiam
1220 1975 1269 2017 de
1311 1974 1467 2016 nostris
1513 1972 1705 2015 eci-cedere
1724 1986 1770 2017 25

141 2050 347 2105 quosdam
379 2064 405 2090 a
437 2047 588 2103 reynla
621 2047 902 2103 disciplinae:
939 2047 1137 2089 desinunt
1167 2052 1257 2088 tum
1291 2044 1531 2087 Christiani
1561 2042 1707 2084 haberi

134 2134 263 2176 penes
294 2134 378 2161 nos.

791 2232 887 2276 CAP
934 2232 1056 2273 XLV

234 2346 272 2386 p.
299 2330 382 2369 124
405 2329 428 2369 l.
454 2329 507 2369 26
532 2327 670 2368 ΒΙΠΠῘ]
693 2326 833 2382 Right
855 2325 946 2367 Use
970 2327 1068 2366 322.

234 2410 433 2441 NECESSE
465 2413 496 2440 c.
527 2399 583 2439 33
605 2412 668 2453 pr.
698 2397 770 2438 sed
807 2396 911 2452 qnid
943 2411 1014 2449 eqo
1047 2395 1235 2450 amplias
1266 2394 1317 2435 de
1351 2394 1553 2448 reliyione
1584 2398 1710 2447 atque

140 2470 302 2527 pietate
336 2468 584 2510 Christiana
614 2467 661 2508 in
693 2466 1027 2521 imperatorem?
1100 2479 1222 2519 quem
1253 2477 1411 2505 necesse
1443 2468 1502 2504 est
1532 2461 1708 2517 suspici-
1729 2483 1776 2514 30

148 2556 271 2583 amns
303 2545 348 2581 nt
378 2554 484 2587 enni,
516 2552 638 2592 quern
671 2537 870 2578 dominns
900 2541 1040 2576 noster
1071 2533 1253 2588 eleyerit.

236 2627 275 2668 p.
300 2611 383 2651 124
406 2610 430 2650 l.
455 2608 508 2650 27
533 2618 860 2649 INNOCENTIAM
882 2612 962 2647 cei.
996 2620 1027 2647 c.
1047 2606 1102 2645 40
1133 2619 1265 2659 prope
1289 2603 1313 2644 f.
1332 2603 1522 2643 humana
1552 2617 1706 2657 qens...

148 2698 232 2725 non
264 2679 518 2736 inquirendo
550 2676 811 2718 innocentiae
841 2676 1100 2730 magyistrum
1136 2680 1173 2715 et
1208 2673 1423 2714 nocentiae
1457 2672 1642 2713 iudicem
1674 2677 1713 2713 et

150 2757 384 2795 exactorem
416 2747 606 2790 omnibns
642 2745 763 2786 uitiis
799 2750 836 2786 et
872 2743 1123 2786 criminibus
1158 2742 1341 2784 inolenit.
1405 2741 1622 2796 A‘ohenag.
1656 2741 1710 2781 32

150 2836 189 2877 p.
214 2817 306 2862 36100
337 2817 387 2860 οὐ
416 2816 502 2872 «γὰρ
530 2814 640 2872 πρὸς
673 2812 981 2870 ἀνθρωπικοὺς
1014 2810 1169 2867 νόμους
1202 2810 1222 2854 ὁ
1253 2809 1387 2864 λόνγος
1419 2811 1531 2863 ἡμῖν,
1556 2809 1628 2854 οὓς
1659 2806 1713 2850 ἄν
1732 2827 1777 2860 35

151 2908 217 2935 τις
250 2886 478 2944 «γενόμενος
512 2883 705 2941 ’πονηρὸς
741 2883 814 2926 καὶ
847 2883 979 2925 λάθοι
1013 2884 1079 2936 (ἐν
1110 2882 1228 2939 ἀρχῇ
1262 2881 1306 2923 δὲ
1337 2882 1451 2935 ὑμῖν,
1484 2878 1714 2929 δεσπόται,
