1975 3306
224 165 277 206 72
802 161 1207 205 TERTVLLIANI

225 279 384 321 Pontio
430 279 586 330 Pilato,
634 279 806 334 Syriam
851 284 958 320 tunc
1003 292 1056 319 ex
1100 282 1226 333 parte
1270 277 1474 318 Romana
1518 274 1785 331 procuranti,

224 358 435 400 uiolentia
465 359 773 414 suffragiorum
804 358 849 399 in
881 371 1053 399 crucem
1084 357 1232 398 Iesum
1263 356 1364 398 dedi
1395 355 1477 397 sibi
1509 353 1784 396 extorserint.

226 436 511 479 Praedixerat
542 443 586 479 et
615 437 707 492 ipse
737 437 801 478 ita
832 436 1049 485 facturos3
1098 449 1255 490 parum
1286 435 1320 476 si
1351 449 1440 476 non
1471 439 1516 475 et
1546 432 1787 488 prophetae

225 520 355 557 retro.
417 515 477 557 Et
504 520 655 557 tamen
684 514 866 556 suffixus
895 514 1036 556 multa
1065 513 1361 555 mortisillius
1389 512 1565 568 propria
1593 510 1788 553 ostendit

226 592 425 648 insignia.
459 593 575 634 Nam
607 593 811 648 spiritum
845 606 944 634 cum
976 591 1112 633 uerbo
1144 596 1302 646 sponte
1334 591 1512 641 dimisit,
1548 594 1788 645 praeuento
1808 603 1828 636 5

226 670 440 712 carnificis
477 670 631 712 officio.
693 670 862 712 Eodem
899 675 1124 712 momento
1161 669 1253 711 dies
1289 669 1483 711 medium
1520 668 1670 710 orbem
1707 667 1788 723 sig-

226 753 362 789 nante
399 748 487 789 sole
524 748 745 790 subducta
782 753 861 789 est.
922 748 1176 803 Deliquium
1213 748 1368 803 utique
1405 751 1678 802 putauerunt
1715 745 1789 800 qui

228 826 272 868 id
301 842 476 883 quoque
502 842 632 883 super
658 827 830 869 Christo
857 827 1161 882 praedicatum
1187 841 1276 868 non
1297 826 1501 868 scierunt.
1559 825 1619 866 Et
1640 830 1790 866 tamen

228 919 328 947 euin
361 906 515 947 mundi
548 920 698 947 casum
731 905 919 947 relatum
952 906 996 947 in
1030 905 1200 947 arcanis
1232 905 1390 946 uestris
1422 904 1607 946 habetis.
1669 903 1790 944 Tunc

228 984 382 1026 Iudaei
408 984 658 1026 detractum
686 990 730 1026 et
755 984 984 1039 sepulchro
1011 984 1239 1026 conditum
1265 998 1425 1040 magna
1452 984 1587 1025 etiam
1612 982 1791 1024 militari
1814 999 1858 1023 10

228 1077 364 1104 manu
387 1063 612 1105 custodiae
635 1063 860 1118 diligentia
884 1062 1269 1113 circumsederunt,
1294 1076 1361 1112 ne,
1387 1062 1490 1117 quia
1512 1061 1792 1117 praedixerat

228 1144 360 1185 tertia
398 1144 468 1185 die
504 1149 850 1186 resurrecturum
888 1157 932 1184 se
970 1158 996 1184 a
1033 1148 1187 1193 morte,
1227 1143 1428 1198 discipuli
1466 1142 1585 1184 furto
1623 1142 1791 1184 amoliti

228 1224 417 1265 cadauer
463 1224 665 1266 fallerent
711 1229 950 1279 suspectos.
1012 1223 1097 1266 Sed
1144 1238 1241 1265 ecce
1288 1224 1420 1265 tertia
1466 1223 1536 1265 die
1583 1238 1792 1265 concussa

227 1311 407 1361 repente
428 1311 557 1357 terra,
577 1312 621 1348 et
642 1306 756 1348 mole
776 1306 978 1348 reuoluta
1000 1320 1112 1361 quae
1134 1306 1417 1347 obstruxerat
1436 1305 1727 1361 sepulchrum,
1748 1310 1792 1346 et

228 1387 428 1429 custodia
454 1402 618 1443 pauore
644 1388 839 1438 disiecta,
868 1388 997 1429 nullis
1025 1388 1342 1443 apparentibus
1367 1387 1591 1443 discipulis
1616 1386 1723 1428 nihil
1745 1386 1791 1427 in
1814 1399 1855 1432 15

228 1469 457 1524 sepulchro
492 1476 715 1525 repertum
750 1476 817 1511 est
845 1475 1154 1525 praeterquam
1183 1469 1368 1510 exuuiae
1399 1469 1572 1524 sepulti.
1626 1467 1791 1509 Nihilo-

230 1552 373 1593 minus
407 1557 557 1593 tamen
592 1552 815 1607 primores,
849 1566 1036 1607 quorum
1071 1552 1283 1593 intererat
1317 1556 1362 1592 et
1397 1551 1535 1592 scelus
1568 1549 1794 1605 diuulgare

231 1637 275 1672 et
315 1632 528 1687 populum
570 1633 830 1688 uectigalem
873 1637 918 1673 et
958 1632 1217 1673 famularem
1259 1631 1340 1673 sibi
1382 1646 1407 1672 a
1448 1631 1534 1672 fide
1574 1644 1791 1680 reuocare,

230 1713 492 1768 subreptum
535 1728 560 1754 a
606 1714 829 1769 discipulis
873 1714 1202 1755 iactitauerunt.
1264 1712 1380 1754 Nam
1424 1727 1504 1753 nec
1547 1712 1617 1753 ille
1660 1726 1705 1753 se
1748 1711 1794 1752 in

232 1795 390 1850 uulgus
425 1795 591 1845 eduxit,
628 1810 681 1836 ne
715 1795 838 1850 impii
874 1809 1014 1836 errore
1048 1795 1349 1844 liberarentur,
1386 1799 1438 1835 ut
1472 1799 1516 1835 et
1549 1793 1669 1843 fides,
1706 1807 1794 1834 non
1815 1808 1861 1831 20

234 1876 441 1917 mediocri
475 1876 669 1931 praemio
704 1876 939 1926 destinata,
976 1876 1236 1917 difficultate
1271 1880 1505 1916 constaret.
1567 1874 1675 1915 Cum
1710 1874 1794 1915 dis-

235 1957 388 2012 cipulis
419 1963 569 1999 autem
602 1958 867 2013 quibusdam
899 1958 1019 2013 apud
1051 1957 1304 2007 Galilaeam,
1339 1957 1530 1998 Iudaeae
1561 1957 1793 2012 regionem,

235 2037 291 2078 ad
326 2038 620 2093 quadraginta
654 2038 745 2079 dies
780 2039 867 2093 egit
900 2038 1061 2079 docens
1095 2051 1167 2078 eos
1200 2051 1313 2092 quae
1346 2037 1566 2078 docerent.
1627 2036 1796 2077 Dehinc

236 2117 450 2159 ordinatis
489 2119 548 2159 eis
586 2118 643 2159 ad
681 2118 872 2160 officium
912 2117 1193 2173 praedicandi
1232 2131 1308 2172 per
1346 2116 1495 2158 orbem
1535 2115 1796 2158 circumfusa

236 2198 353 2240 nube
388 2199 433 2239 in
470 2199 638 2240 caelum
676 2205 743 2240 est
778 2204 992 2254 receptus,
1031 2198 1172 2239 multo
1209 2198 1354 2239 uerius
1391 2213 1524 2253 quam
1561 2198 1681 2253 apud
1717 2211 1797 2239 uos
1817 2213 1861 2246 ²5

238 2279 494 2321 adseuerate
516 2280 570 2322 de
593 2280 783 2322 Romulo
807 2280 978 2321 Proculi
1001 2280 1155 2321 solent.
1216 2279 1282 2320 Ea
1305 2280 1451 2320 onmia
1474 2293 1603 2334 super
1626 2279 1797 2320 Christo

238 2360 419 2411 Pilatus,
456 2367 500 2402 et
532 2362 624 2417 ipse
657 2362 745 2403 iam
780 2376 858 2416 pro
892 2376 971 2403 sua
1005 2361 1270 2403 conscientia
1305 2361 1589 2411 Christianus,
1626 2360 1797 2402 Caesari

238 2447 344 2483 tunc
384 2442 555 2485 Tiberio
595 2444 834 2485 nuntiauit.
896 2443 980 2485 Sed
1020 2449 1065 2484 et
1103 2443 1307 2485 Caesares
1346 2442 1630 2483 credidissent
1669 2456 1798 2497 super

238 2522 423 2574 Christo,
457 2524 492 2565 si
526 2530 604 2565 aut
637 2524 841 2566 Caesares
873 2539 961 2565 non
995 2529 1139 2565 essent
1171 2523 1399 2565 necessarii
1431 2523 1616 2572 saeculO,
1652 2528 1731 2564 aut
1762 2522 1798 2564 si

239 2610 283 2645 et
339 2604 572 2646 Christiani
628 2606 876 2660 potuissent
932 2620 1022 2647 esse
1078 2605 1294 2647 Caesares.
1355 2604 1568 2659 Discipuli
1623 2619 1799 2660 quoque
1819 2620 1864 2653 30

240 2684 386 2725 diffusi
422 2699 498 2739 per
533 2685 681 2726 orbem
719 2700 772 2727 ex
808 2691 1042 2741 praecepto
1083 2686 1279 2741 magistri
1319 2685 1388 2727 dei
1427 2690 1681 2740 paruerunt,
1724 2686 1799 2740 qui

242 2770 287 2805 et
327 2764 409 2818 ipsi
451 2779 476 2805 a
519 2765 693 2807 Iudaeis
733 2766 1066 2821 insequentibus
1112 2766 1253 2807 multa
1295 2765 1485 2820 perpessi
1527 2765 1680 2820 utique
1720 2780 1798 2821 pro

241 2843 401 2885 fiducia
419 2845 617 2887 ueritatis
638 2846 823 2888 libenter
845 2847 1013 2888 Romae
1029 2852 1250 2902 postremo
1272 2861 1348 2902 per
1368 2846 1552 2888 Neronis
1568 2847 1800 2888 saeuitiam
