1975 3306
285 157 363 196 132
860 154 1265 195 TERTVLLIANI

282 271 456 326 proficit
487 270 731 325 antiquitas
762 275 1037 325 praestructa
1069 270 1245 311 diuinae
1275 270 1564 320 litteraturae,
1599 284 1685 325 quo
1718 269 1845 310 facile

282 351 487 392 credatur
524 350 781 392 thesaurum
820 364 917 391 eam
955 350 1088 391 fuisse
1126 351 1354 405 posteriori
1393 351 1549 405 cuique
1587 350 1841 405 sapientiae.

283 433 343 474 Et
365 433 400 474 si
423 447 511 474 non
535 447 645 473 onus
666 432 755 473 iam
779 432 1015 473 uoluminis
1038 437 1342 486 temperarem,
1369 446 1640 473 excurrerem
1662 432 1708 473 in
1731 431 1844 472 hanc

282 528 458 568 quoque
490 514 811 569 probationem.
874 513 979 563 Quis
1012 518 1256 568 poetarum,
1293 513 1391 568 quis
1422 513 1733 568 sophistarum,
1768 513 1843 568 qui

281 609 370 636 non
411 595 589 636 omnino
631 595 685 636 de
726 594 1042 650 prophetarum
1084 594 1207 635 fonte
1248 594 1497 649 potauerit?
1560 593 1670 634 Inde
1710 593 1843 649 igitur
1863 609 1886 640 5

281 676 528 731 philosophi
569 676 688 717 sitim
727 676 888 731 ingenii
929 676 995 717 sui
1035 676 1302 731 rigauerunt,
1346 681 1397 717 ut
1437 689 1549 730 quae
1589 675 1644 716 de
1682 675 1842 716 nostris

282 756 460 807 habent,
492 771 542 798 ea
569 772 648 798 nos
677 762 918 812 conparent
944 757 1040 798 illis.
1101 757 1224 807 Inde,
1255 757 1421 811 opinor,
1452 762 1497 798 et
1524 771 1549 797 a
1578 755 1841 811 quibusdam

281 838 557 894 philosophia
584 853 759 894 quoque
786 839 923 880 eiecta
950 844 1028 889 est,
1057 853 1082 880 a
1109 838 1321 880 Thebaeis
1347 839 1457 889 dico,
1487 844 1531 879 et
1557 853 1582 879 a
1608 837 1842 893 Spartiatis

282 925 326 960 et
360 920 545 975 Argiuis,
583 920 689 961 dum
725 920 782 961 ad
816 925 967 961 nostra
1003 924 1232 970 conantur,
1270 924 1314 961 et
1349 919 1546 961 homines
1579 919 1753 975 gloriae,
1792 924 1842 960 ut

280 1000 484 1051 diximus,
528 1006 572 1042 et
613 1001 887 1056 eloquentiae
926 1001 1059 1042 solius
1097 1000 1330 1051 libidinosi,
1373 1001 1408 1042 si
1449 1000 1555 1056 quid
1593 1001 1639 1042 in
1678 1000 1842 1042 sanctis
1864 1018 1911 1040 ιο

280 1081 506 1136 scripturis
533 1081 812 1123 offenderunt
839 1081 1029 1137 digestis,
1060 1095 1113 1122 ex
1139 1081 1315 1137 proprio
1340 1081 1548 1123 instituto
1576 1080 1841 1122 curiositatis

280 1163 336 1204 ad
364 1163 540 1218 propria
568 1177 699 1218 opera
727 1168 969 1213 uerterunt,
998 1177 1140 1218 neque
1168 1163 1276 1205 satis
1303 1163 1528 1205 credentes
1556 1163 1707 1204 diuina
1735 1176 1838 1213 esse,

279 1258 366 1298 quo
401 1243 546 1285 minus
578 1244 908 1299 interpolarent,
944 1258 1086 1299 neque
1120 1244 1227 1286 satis
1259 1244 1574 1300 intellegentes,
1611 1249 1662 1286 ut
1696 1243 1840 1285 adhuc

278 1329 385 1365 tunc
405 1324 653 1375 subnubila,
677 1325 811 1366 etiam
831 1325 936 1380 ipsis
956 1325 1131 1366 Iudaeis
1152 1325 1430 1375 obumbrata,
1455 1340 1643 1380 quorum
1663 1325 1839 1380 propria

278 1404 557 1446 uidebantur.
618 1405 734 1446 Nam
758 1411 802 1446 et
824 1406 858 1447 si
883 1420 969 1460 qua
993 1406 1250 1461 simplicitas
1274 1411 1368 1447 erat
1390 1406 1602 1456 ueritatis,
1629 1420 1678 1447 eo
1701 1406 1838 1461 magis
1863 1423 1907 1454 15

277 1487 591 1541 scrupulositas
623 1487 817 1528 humana
849 1487 981 1528 fidem
1014 1493 1248 1542 aspernata
1282 1487 1501 1537 mutabat,
1536 1502 1612 1542 per
1644 1487 1763 1542 quod
1794 1488 1838 1529 in

276 1573 493 1615 incertum
512 1574 782 1616 miscuerunt
800 1575 933 1616 etiam
953 1575 1072 1630 quod
1088 1575 1351 1616 inuenerant
1368 1580 1549 1616 certum.
1597 1574 1837 1616 Inuentum

278 1661 393 1701 enim
426 1661 701 1702 solummodo
735 1662 866 1703 deum
900 1677 988 1703 non
1022 1668 1073 1703 ut
1104 1663 1366 1703 inuenerant
1398 1662 1751 1717 disputauerunt,
1789 1668 1839 1703 ut

279 1752 323 1787 et
352 1747 406 1788 de
436 1748 651 1802 qualitate
681 1754 725 1790 et
754 1749 807 1790 de
835 1754 996 1790 natura
1026 1749 1116 1790 eius
1146 1754 1191 1790 et
1219 1749 1273 1790 de
1301 1749 1403 1790 sede
1431 1749 1691 1803 disceptent.
1752 1748 1837 1790 Alii

273 1834 590 1889 incorporalem
632 1835 907 1886 adseuerant,
952 1836 1023 1877 alii
1066 1836 1347 1890 corporalem,
1391 1841 1443 1877 ut
1483 1841 1577 1877 tam
1619 1835 1835 1877 Platonici
1859 1854 1908 1876 20

277 1935 411 1975 quam
439 1921 595 1972 Stoici3
641 1922 712 1963 alii
741 1937 793 1963 ex
821 1923 993 1972 atomis,
1024 1922 1096 1964 alii
1124 1936 1177 1963 ex
1202 1923 1406 1972 numeris,
1437 1937 1524 1977 qua
1551 1922 1767 1977 Epicurus
1794 1928 1839 1963 et

276 2007 564 2063 Pythagoras,
588 2009 697 2050 alius
718 2023 770 2050 ex
789 2009 890 2065 igni,
914 2024 1001 2064 qua
1021 2009 1246 2050 Heraclito
1267 2010 1410 2051 uisum
1431 2014 1518 2051 est:
1557 2014 1602 2050 et
1621 2009 1835 2050 Platonici

277 2095 455 2150 quidem
489 2101 717 2137 curantem
750 2110 908 2146 rerum,
945 2101 1098 2137 contra
1132 2096 1335 2151 Epicurei
1369 2096 1559 2138 otiosum
1595 2101 1638 2138 et
1670 2096 1835 2137 inexer-

277 2182 426 2231 citum,
463 2187 507 2223 et
539 2187 590 2223 ut
621 2183 685 2224 ita
718 2183 916 2233 dixerim,
951 2183 1170 2224 neminem
1204 2183 1407 2224 humanis
1440 2182 1591 2233 rebus;
1641 2183 1834 2238 positum

276 2283 379 2309 uero
401 2274 525 2310 extra
546 2269 761 2310 mundum
783 2269 930 2319 Stoici,
954 2270 1027 2324 qui
1048 2270 1168 2325 figuli
1189 2270 1320 2311 modo
1342 2270 1610 2311 extrinsecus
1630 2275 1836 2324 torqueat
1857 2283 1905 2314 25-

278 2356 436 2396 molem
452 2356 565 2397 hanc
579 2371 587 2406 ;
619 2357 735 2397 intra
751 2357 966 2398 mundum
982 2357 1210 2406 Platonici,
1228 2357 1302 2411 qui
1317 2356 1620 2412 gubernatoris
1636 2356 1834 2410 exemplo

275 2442 393 2483 intra
430 2443 475 2484 id
514 2449 693 2485 maneat
731 2443 850 2498 quod
887 2449 1022 2499 regat.
1085 2443 1154 2485 Sic
1193 2449 1237 2485 et
1275 2444 1328 2485 de
1365 2444 1459 2498 ipso
1498 2443 1664 2484 mundo
1702 2448 1834 2484 natus

276 2528 511 2570 innatusue
543 2530 612 2579 sit,
646 2529 900 2571 decessurus
931 2544 1220 2571 mansurusue
1250 2530 1320 2579 sit,
1354 2529 1542 2571 uariant.
1604 2528 1672 2570 Sic
1705 2534 1749 2570 et
1780 2529 1833 2570 de

277 2615 449 2655 animae
472 2621 606 2665 statu,
633 2631 767 2671 quam
791 2616 863 2657 alii
887 2616 1083 2657 diuinam
1109 2621 1153 2657 et
1176 2621 1413 2666 aeternam,
1440 2615 1512 2656 alii
1536 2615 1831 2657 dissolubilem

279 2701 566 2751 contendunt,
595 2707 646 2742 ut
672 2702 768 2756 quis
795 2703 942 2752 sensit,
970 2703 1035 2744 ita
1062 2707 1106 2743 et
1130 2702 1282 2743 intulit
1308 2706 1387 2742 aut
1412 2700 1680 2742 reformauit.
1742 2700 1833 2741 Nec
1852 2717 1903 2749 30

278 2787 450 2836 mirum,
476 2788 510 2828 si
533 2793 661 2829 uetus
682 2789 1025 2830 instrumentum
1048 2788 1220 2843 ingenia
1242 2787 1601 2843 philosophorum
1622 2787 1830 2828 interuer-
