1975 3306
271 166 351 206 106
849 163 1254 205 TERTVLLIANI

261 280 448 320 scrutari
471 294 601 334 super
624 279 818 320 Caesaris
841 279 996 328 salute,
1021 278 1103 320 nisi
1127 293 1153 320 a
1176 293 1263 333 quo
1287 278 1455 334 aliquid
1478 279 1690 320 aduersus
1712 278 1834 319 illam

265 366 486 422 cogitatur
517 366 586 407 uel
619 371 815 421 optatur,
850 371 930 407 aut
962 371 1064 420 post
1095 365 1215 406 illam
1248 371 1450 421 speratur
1483 370 1528 407 et
1559 365 1829 407 sustinetur?

269 453 368 495 Non
392 454 506 494 enim
531 468 581 494 ea
602 459 750 494 niente
773 453 827 494 de
849 453 959 494 caris
982 452 1224 494 consulitur
1247 467 1334 507 qua
1357 453 1411 494 de
1433 452 1634 494 dominis.
1697 452 1836 493 Aliter

269 541 438 582 curiosa
460 546 526 582 est
545 540 793 582 sollicitudo
814 539 1051 595 sanguinis,
1074 539 1201 580 aliter
1221 539 1460 581 seruitutis.

354 684 428 726 36.
490 685 532 726 Si
554 685 660 726 haec
680 685 743 726 ita
763 691 880 734 sunt,
904 691 955 726 ut
974 685 1122 726 hostes
1142 685 1530 740 deprehendantur
1550 685 1625 739 qui
1645 683 1837 725 Romani

268 772 559 821 uocabantur,
581 787 657 813 cur
674 787 766 821 nos,
788 773 862 827 qui
882 772 1030 813 hostes
1048 772 1365 822 existimamur,
1386 772 1577 813 Romani
1594 771 1832 827 negamur?

270 858 371 899 Non
397 873 631 913 possumus
658 863 702 899 et
728 858 920 899 Romani
946 872 1035 899 non
1063 872 1154 899 esse
1182 863 1226 899 et
1253 858 1401 899 hostes
1428 872 1532 907 esse,
1562 872 1662 899 cum
1689 857 1837 898 hostes

269 939 544 994 reperiantur
569 939 643 994 qui
668 939 859 980 Romani
885 938 1176 980 habebantur.
1239 939 1361 980 Adeo
1386 939 1528 994 pietas
1553 943 1597 980 et
1620 938 1767 994 religio
1794 943 1836 978 et

267 1020 377 1061 fides
408 1020 749 1075 imperatoribus
782 1019 933 1061 debita
966 1034 1055 1061 non
1087 1020 1133 1061 in
1166 1020 1418 1061 huiusmodi
1452 1019 1602 1061 officiis
1636 1019 1837 1060 consistit

270 1101 431 1156 quibus
456 1106 500 1142 et
524 1100 744 1141 hostilitas
768 1100 906 1155 magis
930 1099 988 1140 ad
1011 1099 1313 1141 uelamentum
1337 1100 1403 1141 sui
1427 1105 1576 1155 potest
1599 1099 1735 1154 fungi,
1762 1098 1837 1139 sed

269 1184 315 1226 in
344 1184 411 1225 his
440 1184 635 1225 moribus
663 1183 823 1238 quibus
852 1183 1063 1224 diuinitas
1090 1183 1281 1238 imperat
1309 1188 1403 1224 tam
1432 1197 1533 1223 uere
1562 1196 1696 1237 quam
1725 1181 1838 1222 circa

270 1280 422 1307 omnes
444 1280 617 1306 necesse
640 1265 806 1306 habent
828 1265 1036 1307 exhiberi.
1098 1265 1252 1319 Neque
1275 1265 1390 1306 enim
1413 1264 1520 1305 haec
1542 1278 1674 1319 opera
1695 1263 1839 1304 bonae

270 1347 430 1388 mentis
460 1347 561 1388 solis
588 1346 929 1401 imperatoribus
958 1346 1175 1388 debentur
1204 1361 1229 1387 a
1258 1346 1398 1387 nobis.
1460 1345 1642 1387 Nullum
1670 1344 1837 1386 bonum

270 1428 352 1469 sub
389 1428 647 1482 exceptione
682 1442 968 1483 personarum
1004 1427 1378 1477 administramus
1417 1427 1520 1482 quia
1554 1425 1681 1468 nobis
1715 1439 1837 1480 prae-

271 1512 454 1556 stamus,
487 1506 562 1561 qui
591 1521 679 1547 non
709 1505 764 1547 ab
795 1505 970 1547 homine
999 1511 1079 1546 aut
1106 1505 1249 1546 laudis
1278 1510 1358 1546 aut
1386 1504 1568 1560 praemii
1598 1517 1839 1558 expensum

270 1593 516 1643 captamus,
557 1587 634 1629 sed
672 1602 698 1628 a
737 1587 818 1628 deo
858 1592 1062 1628 exactore
1101 1592 1146 1628 et
1183 1591 1511 1627 remuneratore
1548 1584 1838 1626 indifferentis

274 1669 569 1724 benignitatis.
632 1668 757 1709 Idem
781 1682 932 1709 sumus
954 1666 1294 1722 imperatoribus
1318 1667 1393 1722 qui
1418 1672 1462 1708 et
1484 1667 1640 1708 uicinis
1662 1665 1835 1707 nostris.

272 1749 386 1790 Male
421 1749 536 1790 enim
572 1749 694 1798 uelle,
732 1749 846 1789 male
880 1748 1034 1799 facere,
1069 1748 1182 1789 male
1217 1749 1372 1798 dicere,
1409 1748 1523 1789 male
1558 1747 1749 1802 cogitare
1785 1746 1839 1787 de

272 1844 497 1885 quoquam
520 1844 572 1870 ex
593 1844 733 1884 aequo
754 1835 972 1870 uetamur.
1035 1829 1338 1884 Quodcunque
1358 1844 1447 1870 non
1466 1829 1569 1870 licet
1587 1828 1631 1869 in
1651 1828 1836 1882 impera-

271 1917 427 1961 torem,
462 1911 507 1952 id
539 1925 619 1952 1188
650 1911 695 1952 111
729 1925 1020 1966 quemquam:
1072 1910 1191 1965 quod
1223 1910 1268 1951 in
1300 1910 1534 1960 neminem,
1570 1924 1619 1951 eo
1652 1909 1838 1951 forsitan

272 1992 411 2047 magis
431 2006 510 2032 nec
530 1992 574 2033 in
594 1992 739 2046 ipsum
761 1992 836 2046 qui
857 2006 933 2046 per
953 1991 1084 2033 deum
1106 1997 1260 2032 tantus
1281 1996 1360 2033 est.

357 2128 431 2170 37.
492 2128 535 2170 Si
560 2128 771 2178 inimicos,
800 2134 850 2169 ut
875 2143 1006 2183 supra
1031 2128 1236 2178 diximus,
1262 2127 1465 2169 iubemur
1489 2127 1678 2183 diligere,
1707 2141 1838 2182 quem

274 2210 487 2251 habemus
517 2210 685 2251 odisse?
749 2210 864 2251 Item
896 2210 930 2250 si
960 2209 1064 2250 laesi
1094 2209 1236 2250 uicem
1266 2209 1425 2250 referre
1455 2208 1750 2264 prohibemur,
1784 2221 1838 2248 ne

272 2291 328 2332 de
356 2291 474 2333 facto
505 2305 631 2346 pares
660 2291 808 2339 simus,
841 2306 971 2345 quem
1002 2306 1234 2346 possumus
1263 2291 1460 2332 laedere?
1524 2290 1638 2331 Nam
1669 2289 1723 2331 de
1751 2289 1836 2331 isto

271 2371 355 2426 ipsi
398 2372 706 2427 recognoscite.
770 2371 981 2420 Quotiens
1026 2372 1140 2412 enim
1184 2372 1228 2413 in
1274 2372 1543 2413 Christianos
1586 2370 1834 2419 desaeuitiS,

274 2452 434 2506 partim
460 2452 617 2493 animis
641 2453 838 2506 propriis,
865 2452 1027 2506 partim
1051 2453 1218 2507 legibus
1242 2453 1560 2507 obsequentes?
1625 2451 1837 2501 Quotiens

274 2533 407 2574 etiam
440 2533 688 2587 praeteritis
719 2533 844 2574 uobis
875 2548 953 2574 suo
984 2533 1082 2574 iurev
1108 2548 1187 2574 nos
1217 2534 1443 2574 inimicum
1475 2532 1632 2587 uulgus
1663 2531 1838 2572 inuadit

272 2612 493 2666 lapidibus
518 2617 563 2653 et
588 2612 825 2654 incendiis?
894 2613 1003 2667 Ipsis
1029 2613 1371 2654 Bacchanalium
1398 2612 1521 2653 furiis
1545 2625 1625 2653 nec
1651 2611 1837 2652 mortuis

273 2699 463 2749 parcunt
495 2693 763 2743 Christianis,
799 2694 904 2748 quin
936 2694 1031 2735 illos
1063 2694 1117 2735 de
1149 2695 1297 2749 requie
1328 2694 1592 2749 sepulturae,
1627 2692 1681 2734 de
1712 2692 1835 2747 asylo

1857 696 1878 728 5

1861 1119 1905 1141 10

1862 1520 1906 1552 15

1859 1927 1906 1949 20

1857 2385 1903 2418 25

273 2774 467 2829 quodam
500 2775 666 2823 mortis,
700 2775 788 2815 iam
822 2775 942 2824 alios,
976 2775 1064 2815 iam
1097 2789 1176 2815 nec
1209 2780 1327 2816 totos
1360 2774 1567 2823 auellant,
1602 2772 1833 2823 dissecent,
1855 2789 1903 2822 30

274 2855 538 2896 distrahant.
601 2854 715 2904 Qujd
735 2860 884 2895 tamen
903 2854 957 2896 de
975 2860 1068 2896 tam
1088 2855 1348 2909 conspiratis
1366 2868 1579 2909 umquam
1597 2852 1834 2903 denotatis,
