1975 3306
227 150 305 189 142
804 143 1210 185 TERTVLLIANI

225 269 437 312 uestrum,
466 261 626 317 quibus
652 260 778 302 fauor
802 259 922 315 uulgi
947 259 1001 300 de
1025 259 1261 314 iniquitate
1287 264 1506 314 captatur,
1533 259 1789 315 gloriantur.

226 341 361 391 Quasi
390 355 479 382 non
508 345 655 381 totum
685 338 804 394 quod
832 339 876 380 in
906 353 984 379 nos
1013 338 1199 393 potestis
1227 344 1428 380 nostrum
1456 339 1514 380 sit
1542 338 1787 380 arbitrium.

226 419 366 468 Certe,
396 419 431 459 si
459 418 603 468 uelim,
635 417 908 459 Christianus
935 431 1045 457 sum.
1108 416 1230 457 Tunc
1257 430 1357 472 ergo
1385 431 1454 457 me
1481 416 1726 467 damnabis,
1755 417 1790 458 si

225 496 428 537 damnari
457 495 611 545 uelim3
660 509 760 536 cum
789 508 893 535 uero
924 493 1042 548 quod
1070 494 1116 534 in
1145 508 1215 534 me
1244 499 1382 549 potes,
1414 494 1496 535 nisi
1525 494 1670 544 uelim,
1702 509 1790 535 non

227 579 366 629 potes,
390 574 478 615 iam
501 587 623 614 meae
646 573 890 614 uoluntatis
913 578 979 613 est
1000 572 1119 627 quod
1141 577 1279 628 potes,
1303 587 1388 613 non
1414 577 1519 613 tuae
1538 573 1786 627 potestatis
1811 591 1830 622 5

226 652 415 693 Proinde
443 657 488 693 et
515 651 672 707 uulgus
699 665 814 692 uane
841 651 894 691 de
923 655 1073 691 nostra
1101 650 1337 691 uexatione
1363 650 1540 705 gaudet.
1602 650 1790 692 Proinde

224 730 341 771 enim
371 735 572 771 nostrum
604 735 670 770 est
699 729 923 784 gaudium,
958 728 1076 783 quod
1107 728 1188 770 sibi
1219 728 1430 778 uindicat,
1464 729 1539 783 qui
1570 729 1789 770 malumus

223 808 425 849 damnari
459 822 593 863 quam
626 822 652 848 a
685 807 766 848 deo
801 807 1020 848 excidere:
1071 812 1225 848 contra
1257 807 1330 858 illi,
1367 807 1441 862 qui
1474 821 1554 848 nos
1585 807 1786 857 oderunt,

224 886 382 936 dolere,
405 900 494 927 non
515 885 705 941 gaudere
725 885 962 935 debebant,
986 885 1231 926 consecutis
1251 885 1377 926 nobis
1399 885 1517 940 quod
1539 885 1758 940 elegimus.

308 1013 384 1055 50.
445 1013 573 1068 Ergo,
600 1013 796 1067 inquitis,
824 1027 900 1053 cur
925 1013 1157 1067 querimini
1183 1013 1302 1068 quod
1326 1028 1405 1055 uos
1428 1014 1725 1068 insequamur,
1752 1013 1787 1054 si
1812 1033 1854 1055 10

223 1092 319 1147 pati
338 1092 485 1141 uultis,
507 1106 607 1132 cum
627 1092 803 1147 diligere
821 1091 1019 1133 debeatis
1038 1106 1114 1146 per
1133 1106 1242 1146 quos
1261 1092 1465 1147 patimini
1484 1092 1603 1147 quod
1622 1092 1784 1133 uultis?

224 1170 359 1211 Plane
376 1170 581 1212 uolumus
597 1170 705 1224 pati,
725 1185 879 1211 uerum
897 1185 946 1211 eo
964 1185 1096 1220 more,
1117 1185 1204 1225 quo
1222 1176 1266 1211 et
1283 1170 1446 1211 bellum
1464 1170 1598 1211 miles.
1646 1169 1786 1211 Nemo

223 1248 402 1304 quidem
420 1248 560 1289 libens
578 1249 761 1303 patitur,
783 1263 883 1289 cum
904 1254 948 1290 et
967 1249 1187 1303 trepidare
1207 1254 1251 1290 et
1269 1249 1505 1305 periclitari
1523 1249 1581 1290 sit
1599 1263 1785 1290 necesse.

223 1327 390 1368 Tamen
406 1331 450 1367 et
464 1326 704 1381 proeliatur
718 1326 923 1368 omnibus
939 1326 1117 1376 uiribus,
1136 1332 1180 1367 et
1194 1326 1374 1367 uincens
1386 1326 1432 1367 in
1446 1327 1609 1381 proelio
1623 1327 1788 1383 gaudet

223 1406 299 1461 qui
322 1405 376 1446 de
398 1405 561 1460 proelio
586 1404 865 1460 querebatur,
894 1405 996 1460 quia
1021 1410 1064 1446 et
1086 1404 1269 1460 gloriam
1293 1405 1575 1460 consequitur
1598 1411 1643 1447 et
1664 1420 1786 1460 prae-
1811 1424 1852 1456 15

223 1484 340 1525 dam.
393 1484 612 1524 Proelium
631 1489 696 1524 est
711 1483 839 1524 nobis
853 1483 974 1538 quod
990 1496 1283 1538 prouocamur
1297 1482 1355 1524 ad
1370 1482 1620 1533 tribunalia,
1638 1489 1688 1525 ut
1701 1484 1787 1525 illic

221 1562 304 1603 sub
322 1562 570 1603 discrimine
588 1562 745 1616 capitis
762 1576 839 1616 pro
857 1562 1046 1603 ueritate
1063 1566 1292 1602 certemus.
1343 1561 1537 1602 Victoria
1555 1568 1621 1603 est
1637 1568 1785 1603 autem

223 1658 301 1699 pro
342 1658 429 1699 quo
470 1643 706 1684 certaueris
745 1643 955 1684 obtinere.
1018 1643 1083 1684 Ea
1122 1643 1308 1684 uictoria
1347 1642 1483 1684 habet
1522 1649 1566 1684 et
1603 1644 1784 1699 gloriam

224 1725 426 1780 placendi
445 1725 527 1767 deo
548 1731 592 1767 et
611 1725 821 1780 praedam
841 1725 1019 1766 uiuendi
1039 1725 1084 1766 in
1103 1730 1345 1766 aeternum.
1407 1724 1491 1766 Sed
1511 1725 1782 1767 obducimur.

223 1807 348 1849 Certe
371 1822 471 1849 cum
493 1808 778 1849 obtinuimus.
841 1807 955 1862 Ergo
978 1806 1176 1856 uicimus,
1200 1820 1300 1848 cum
1322 1807 1573 1857 occidimur,
1598 1807 1785 1862 denique
1808 1825 1852 1847 20

223 1888 465 1938 euadimus,
483 1902 582 1929 cum
597 1887 870 1929 obducimur.
922 1886 1045 1927 Licet
1060 1901 1176 1927 nuno
1192 1887 1493 1929 sarmenticios
1510 1893 1554 1929 et
1569 1889 1786 1929 semaxios

223 1969 465 2024 appelletis,
495 1969 598 2024 quia
626 1969 683 2009 ad
710 1967 907 2023 stipitem
935 1967 1103 2008 dimidii
1131 1968 1225 2009 axis
1251 1968 1437 2010 reuincti
1464 1974 1785 2011 sarmentorum

222 2051 396 2092 ambitu
440 2051 674 2092 exurimur.
736 2049 821 2090 Hic
864 2055 930 2090 est
972 2049 1151 2090 habitus
1193 2050 1403 2091 uictoriae
1445 2056 1634 2100 nostrae,
1680 2051 1785 2092 haec

223 2132 420 2187 palmata
449 2132 597 2182 uestis,
628 2132 706 2173 tali
736 2146 865 2172 curru
893 2131 1231 2186 triumphamus.
1293 2131 1449 2173 Merito
1477 2132 1629 2187 itaque
1657 2133 1784 2174 uictis

222 2228 311 2254 non
328 2213 573 2268 placemus3
608 2217 840 2267 propterea
859 2211 974 2252 enim
991 2211 1210 2266 desperati
1229 2217 1272 2253 et
1289 2212 1448 2267 perditi
1466 2213 1781 2255 existimamur.
1806 2233 1824 2255 2
1831 2233 1848 2264 5

224 2293 308 2335 Sed
339 2294 445 2334 haec
475 2293 722 2348 desperatio
754 2297 798 2333 et
827 2292 1015 2348 perditio
1045 2306 1177 2347 penes
1207 2307 1286 2334 uos
1314 2293 1360 2334 in
1389 2307 1521 2334 causa
1549 2293 1710 2348 gloriae
1741 2300 1784 2335 et

221 2374 368 2415 famae
410 2374 619 2416 uexillum
662 2374 841 2415 uirtutis
884 2373 1115 2415 extollunt.
1177 2373 1347 2415 Mucius
1388 2374 1616 2416 dexteram
1658 2389 1783 2416 suam

222 2455 361 2497 libens
384 2457 424 2497 in
451 2470 527 2497 ara
550 2456 746 2510 reliquit:
789 2471 813 2497 o
837 2455 1084 2496 sublimitas
1107 2455 1264 2496 animi!
1326 2455 1614 2511 Empedocles
1636 2461 1781 2498 totum

223 2551 315 2578 sese
342 2537 653 2578 Catanensium
680 2537 887 2578 Aetnaeis
911 2537 1123 2578 incendiis
1149 2536 1356 2578 donauit:
1399 2551 1424 2578 o
1451 2537 1574 2592 uigor
1598 2537 1780 2579 mentis!

224 2618 383 2673 Aliqua
415 2618 689 2673 Carthaginis
721 2617 940 2659 conditrix
970 2632 1073 2673 rogo
1105 2631 1150 2659 se
1180 2617 1421 2658 secundum
1452 2617 1781 2659 matrimonium
1803 2636 1850 2668 30

223 2698 368 2739 dedit:
412 2713 437 2739 ο
464 2699 745 2753 praeconium
771 2698 1012 2740 castitatis!
1074 2698 1281 2753 Regulus,
1309 2712 1364 2739 ne
1389 2712 1502 2740 unus
1527 2713 1605 2754 pro
1632 2699 1783 2741 multis

224 2777 425 2819 hostibus
451 2778 632 2827 uiueret,
662 2783 758 2819 toto
786 2792 964 2832 corpore
991 2791 1138 2819 cruces
1164 2778 1355 2832 patitur:
1400 2792 1425 2819 o
1452 2778 1595 2819 uirum
1623 2777 1780 2820 fortem
1804 2770 1806 2773 ’
