1975 3306
295 168 372 208 102
870 166 1275 208 TERTVLLIANI

289 284 542 338 turpissima
571 284 647 325 sed
677 289 722 325 et
750 284 991 338 perniciosa
1020 283 1284 324 adolatione.
1347 284 1592 339 Tamquam
1622 284 1657 325 si
1687 283 1854 325 habens

289 361 599 416 imperatorem
620 362 807 403 alterum
827 361 1031 416 appelles,
1052 375 1197 402 nonne
1217 362 1457 403 maximam
1478 368 1522 403 et
1539 361 1853 404 inexorabilem

289 442 502 483 offensam
536 442 768 483 contrahes
800 441 891 482 eius
923 455 1054 496 quem
1087 440 1294 490 habuisti,
1329 441 1462 482 etiam
1494 442 1576 497 ipsi
1609 441 1854 483 timendam

291 536 421 576 quem
450 521 709 576 appellasti?
773 521 881 562 Esto
910 520 1134 575 religiosus
1160 520 1205 561 in
1233 520 1378 571 deum,
1409 522 1483 576 qui
1512 522 1578 563 uis
1605 521 1728 562 illum
1756 535 1853 576 pro-

290 599 449 653 pitium
482 599 750 654 imperatori.
812 599 972 639 Desine
1005 598 1139 639 alium
1174 598 1305 639 deum
1340 598 1512 639 credere
1545 604 1680 654 atque
1713 599 1776 640 ita
1811 603 1853 639 et

290 677 406 718 hunc
446 676 577 718 deum
618 677 759 718 dicere
800 676 867 717 cui
908 676 989 717 deo
1030 690 1140 730 opus
1181 681 1258 716 est.
1321 675 1363 717 Si
1404 691 1492 717 non
1532 676 1586 717 de
1625 675 1854 717 mendacio

291 755 508 797 erubescit
537 756 734 797 adulatio
766 755 978 797 eiusmodi
1010 755 1232 795 hominem
1263 755 1394 795 deum
1425 755 1664 810 appellans,
1698 755 1855 796 timeat

289 834 437 875 saltim
478 833 532 875 de
572 833 781 876 infausto.
843 833 1127 874 Maledictum
1170 838 1236 874 est
1277 838 1380 874 ante
1421 833 1682 888 apotheosin
1723 833 1854 874 deum

291 912 519 953 Caesarem
551 913 809 967 nuncupari.

376 1037 450 1079 35.
511 1038 748 1093 Propterea
769 1038 902 1093 igitur
923 1038 1085 1093 publici
1107 1038 1254 1079 hostes
1275 1038 1522 1088 Christiani,
1547 1039 1649 1093 quia
1669 1039 1853 1093 impera-

293 1116 461 1157 toribus
479 1131 621 1171 neque
639 1131 777 1157 uanos
795 1131 937 1171 neque
956 1117 1219 1157 mentientes
1238 1131 1380 1171 neque
1399 1117 1653 1158 temerarios
1671 1116 1856 1158 honores

291 1196 454 1246 dicant,
492 1196 594 1251 quia
629 1210 758 1237 uerae
792 1195 1009 1250 religionis
1044 1195 1242 1236 homines
1277 1195 1410 1236 etiam
1445 1195 1671 1237 sollemnia
1706 1209 1855 1236 eorum

292 1275 558 1316 conscientia
591 1274 738 1329 potius
771 1288 904 1328 quam
936 1273 1116 1314 lasciuia
1148 1273 1383 1314 celebrant.
1446 1273 1621 1314 Grande
1652 1273 1858 1315 uidelicet

291 1353 482 1394 officium
514 1352 634 1394 focos
667 1358 711 1393 et
743 1357 863 1393 toros
894 1352 938 1392 in
972 1351 1197 1406 publicum
1231 1351 1425 1401 educere,
1460 1352 1642 1393 uicatim
1676 1352 1854 1407 epulari,

292 1431 520 1473 ciuitatem
566 1430 776 1472 tabernae
821 1430 977 1471 habitu
1022 1429 1305 1479 abolefacere,
1352 1430 1456 1471 uino
1500 1430 1645 1471 lutum
1691 1444 1854 1485 cogere,

292 1509 555 1550 cateruatim
590 1508 800 1549 cursitare
834 1508 891 1549 ad
924 1507 1116 1557 iniurias,
1153 1507 1210 1548 ad
1243 1507 1539 1562 inpudentias,
1575 1507 1632 1548 ad
1665 1507 1857 1561 libidinis

291 1588 544 1629 inlecebras.
606 1587 747 1629 Sicine
777 1586 1038 1642 exprimitur
1067 1586 1292 1641 publicum
1322 1586 1532 1641 gaudium
1563 1601 1639 1641 per
1669 1586 1857 1627 dedecus

292 1667 544 1722 publicum?
607 1666 802 1708 Haecine
820 1665 1034 1706 solemnes
1052 1665 1143 1706 dies
1162 1665 1409 1719 principum
1428 1665 1597 1714 decent,
1619 1679 1732 1720 quae
1750 1664 1857 1705 alios

294 1745 385 1786 dies
433 1760 522 1786 non
570 1745 754 1786 decent?
820 1743 902 1793 Qui
951 1743 1191 1785 obseruant
1238 1742 1512 1798 disciplinam
1562 1743 1616 1784 de
1665 1742 1858 1784 Caesaris

294 1831 508 1878 respectu,
557 1823 600 1864 hi
646 1837 741 1863 eam
787 1827 967 1877 propter
1012 1820 1239 1862 Caesarem
1285 1820 1505 1869 deserunt,
1554 1826 1598 1861 et
1642 1820 1857 1861 malorum

296 1916 468 1943 morum
488 1901 664 1943 licentia
686 1901 826 1956 pietas
848 1900 941 1950 erit,
964 1899 1132 1940 occasio
1153 1898 1351 1940 luxuriae
1371 1898 1518 1954 religio
1539 1898 1854 1953 deputabitur?

298 1978 333 2020 Ο
356 1993 436 2020 nos
458 1979 614 2020 merito
638 1977 936 2020 damnandos!
998 1977 1084 2018 Cur
1106 1976 1221 2017 enim
1244 1981 1352 2017 uota
1374 1981 1420 2017 et
1440 1976 1601 2031 gaudia
1624 1976 1857 2017 Caesarum

297 2057 407 2098 casti
434 2062 479 2098 et
504 2056 635 2099 sobrii
665 2062 709 2097 et
737 2056 861 2111 probi
890 2055 1208 2110 expungimus?
1249 2069 1325 2095 cur
1350 2054 1419 2095 die
1445 2054 1561 2095 laeto
1587 2068 1676 2094 non
1701 2053 1859 2094 laureis

297 2140 444 2189 postes
474 2134 791 2176 obumbramus
822 2148 900 2174 nec
929 2132 1117 2174 lucernis
1146 2132 1262 2173 diem
1291 2132 1595 2187 infringimus?
1658 2131 1859 2173 Honesta

294 2227 360 2253 res
379 2217 444 2253 est
461 2212 740 2253 solemnitate
757 2211 932 2266 publica
950 2211 1150 2265 exigente
1167 2209 1347 2251 induere
1364 2209 1514 2250 domui
1532 2215 1636 2250 tuae
1654 2209 1856 2250 habitum

297 2293 479 2334 alicuius
506 2292 610 2333 noui
637 2292 873 2347 lupanaris.
935 2291 1075 2332 Velim
1102 2295 1252 2331 tamen
1276 2290 1321 2332 in
1347 2291 1428 2331 hac
1454 2304 1629 2345 quoque
1654 2290 1860 2344 religione

297 2374 513 2415 secundae
528 2373 785 2423 maiestatis,
803 2373 857 2414 de
872 2387 959 2427 qua
973 2373 1017 2413 in
1032 2371 1273 2413 secundum
1288 2371 1559 2426 sacrilegium
1575 2371 1861 2412 conuenimur

298 2454 531 2495 Christiani
568 2469 655 2495 non
693 2453 952 2495 celebrando
989 2452 1217 2494 uobiscum
1254 2452 1465 2494 solemnia
1501 2451 1735 2493 Caesarum
1773 2466 1859 2506 quo

299 2549 418 2575 more
445 2535 649 2576 celebrari
677 2549 756 2575 nec
783 2534 999 2575 modestia
1025 2539 1104 2574 nec
1131 2533 1393 2575 uerecundia
1420 2547 1499 2573 nec
1525 2533 1738 2587 pudicitia
1765 2547 1857 2587 per-

300 2615 499 2665 mittunt,
534 2615 609 2656 sed
642 2615 810 2656 occasio
843 2615 1088 2669 uoluptatis
1120 2614 1258 2669 magis
1290 2628 1423 2668 quam
1456 2614 1588 2669 digna
1620 2614 1732 2654 ratio
1765 2627 1857 2668 per-

299 2695 450 2743 suasit,
486 2695 617 2736 fidem
654 2701 698 2736 et
731 2695 965 2736 ueritatem
1000 2699 1194 2736 uestram
1229 2694 1542 2743 demonstrare,
1578 2708 1633 2735 ne
1667 2693 1781 2735 forte
1816 2699 1861 2735 et

299 2775 428 2816 isthic
470 2775 704 2816 deteriores
745 2775 1001 2816 Christianis
1042 2774 1428 2829 deprehendantur
1468 2774 1542 2829 qui
1583 2789 1663 2815 nos
1703 2774 1860 2816 nolunt

302 2856 527 2898 Romanos
552 2856 714 2905 haberi,
741 2856 816 2897 sed
841 2861 892 2897 ut
915 2856 1062 2897 hostes
1085 2855 1332 2910 principum
1358 2855 1673 2896 Romanorum.
1735 2855 1863 2910 Ipsos

1873 617 1895 648 5

1877 1058 1922 1081 10

1878 1446 1922 1479 15

1877 1837 1924 1860 20

1879 2230 1925 2262 25

1879 2632 1927 2665 30
