1975 3306
260 136 336 174 126
834 131 1239 173 TERTVLLIANI

255 249 508 304 disciplinae
553 249 609 289 ad
654 248 930 288 innocentiae
976 247 1223 288 ueritatem.
1287 246 1429 287 Tanta
1475 252 1541 286 est
1586 246 1820 300 prudentia

256 319 442 359 hominis
492 319 547 359 ad
597 317 991 358 demonstrandum
1041 317 1206 357 bonum
1256 322 1424 371 quanta
1474 316 1715 358 auctoritas
1764 316 1818 357 ad

255 389 540 443 exigendum3
588 394 681 428 tam
710 388 781 428 illa
812 387 901 427 falli
931 387 1069 427 facilis
1098 401 1231 440 quam
1261 386 1346 426 ista
1375 386 1610 426 contemni.
1672 385 1819 439 Atque

256 458 365 499 adeo
386 458 491 512 quid
512 458 693 513 plenius,
717 458 880 498 dicere:
919 457 1018 497 Non
1038 456 1220 505 occides,
1244 470 1299 496 an
1320 456 1496 496 docere:
1536 455 1601 495 Ne
1621 456 1819 496 irascaris

255 529 460 582 quidem?
526 527 639 577 Quid
668 527 916 581 perfectius,
948 526 1176 581 prohibere
1205 526 1483 574 adulterium,
1515 539 1571 565 an
1601 525 1733 565 etiam
1763 524 1817 566 ab
1839 537 1859 569 5

254 598 479 638 oculorum
511 598 706 638 solitaria
738 596 1091 651 concupiscentia
1124 597 1294 636 arcere?
1360 595 1473 644 Quid
1507 595 1730 643 eruditius,
1766 594 1819 635 de

254 667 480 716 maleficio,
515 682 571 708 an
604 674 647 708 et
679 667 733 707 de
765 666 1018 720 maliloquio
1050 665 1335 706 interdicere?
1401 665 1514 714 Quid
1546 665 1815 713 instructius,

252 743 455 783 iniuriam
484 756 572 783 non
601 742 868 796 permittere,
900 755 957 781 an
984 754 1062 781 nec
1092 741 1232 780 uicem
1260 739 1442 780 iniuriae
1471 739 1635 779 sinere?
1699 739 1816 779 Dum

253 823 403 858 tamen
443 818 591 858 sciatis
630 817 747 871 ipsas
786 817 899 871 leges
940 830 1115 870 quoque
1157 821 1324 856 uestras
1364 829 1476 869 quae
1515 814 1722 855 uidentur
1761 814 1817 854 ad

251 894 549 935 innocentiam
596 907 771 948 pergere
819 892 872 932 de
919 891 1070 932 diuina
1117 891 1220 945 lege.
1271 897 1319 931 ut
1368 890 1613 944 antiquiore
1661 890 1814 939 forma,
1841 908 1884 932 10

253 975 493 1010 mutuatas.
556 968 760 1008 Diximus
819 968 907 1008 iam
967 966 1020 1007 de
1081 966 1220 1019 Moysi
1282 972 1441 1006 aetate.
1505 964 1587 1005 Sed
1649 970 1814 1019 quanta

252 1045 494 1085 auctoritas
533 1044 677 1101 legum
718 1042 1025 1089 humanarum,
1069 1055 1168 1081 cum
1208 1041 1303 1081 illas
1344 1046 1386 1081 et
1427 1040 1611 1080 euadere
1652 1039 1815 1080 homini

252 1120 481 1173 contingat
514 1124 558 1159 et
590 1118 847 1172 plerumque
880 1117 924 1157 in
957 1116 1158 1156 admissis
1191 1115 1466 1164 delitiscenti,
1503 1120 1546 1155 et
1579 1114 1815 1168 aliquando

251 1202 530 1235 contemnere
556 1208 608 1233 ex
634 1193 867 1234 uoluntate
892 1192 959 1232 uel
986 1192 1246 1232 necessitate
1271 1191 1570 1244 delinquenti?
1636 1190 1814 1243 Recogi-

251 1275 344 1310 tate
383 1284 431 1310 ea
470 1270 604 1310 etiam
642 1283 720 1323 pro
759 1268 978 1308 breuitate
1015 1267 1215 1321 supplicii
1255 1266 1498 1311 cuiuslibet,
1539 1280 1626 1306 non
1665 1271 1813 1306 tamen
1839 1281 1880 1314 15

251 1344 366 1384 ultra
399 1349 585 1384 mortem
619 1342 873 1383 remansuri.
936 1341 1003 1382 Sic
1038 1347 1081 1381 et
1114 1341 1329 1395 Epicurus
1362 1354 1537 1381 omnem
1571 1340 1813 1380 cruciatum

251 1419 533 1472 doloremque
567 1417 799 1472 depretiat,
837 1416 1058 1457 modicum
1093 1415 1270 1470 quidem
1306 1414 1683 1469 contemptibilem
1718 1429 1813 1469 pro-

250 1493 511 1543 nuntiando,
543 1507 753 1548 magnum
782 1506 884 1532 uero
914 1506 1001 1532 non
1031 1491 1303 1531 diuturnum.
1367 1490 1602 1530 Enimuero
1632 1504 1711 1530 nos
1740 1490 1813 1544 qui

251 1569 331 1609 sub
356 1569 436 1609 deo
461 1568 658 1609 omnium
683 1567 955 1622 speculatore
979 1566 1296 1620 dispungimur,
1324 1565 1485 1619 quique
1509 1570 1732 1605 aeternam
1758 1564 1813 1605 ab

251 1657 299 1684 eo
327 1657 516 1698 poenam
543 1642 825 1698 prouidemus
854 1642 1022 1690 merito,
1053 1641 1130 1681 soli
1158 1641 1434 1681 innocentiae
1461 1640 1739 1689 occurrimus,
1771 1646 1815 1680 et
1835 1656 1880 1679 20

252 1734 328 1773 pro
358 1719 565 1759 scientiae
594 1717 867 1772 plenitudine
896 1722 940 1757 et
970 1731 1046 1771 pro
1076 1716 1344 1756 latebrarum
1374 1714 1634 1756 difficultate
1663 1720 1707 1755 et
1735 1729 1812 1769 pro

251 1794 554 1848 magnitudine
591 1793 810 1833 cruciatus
846 1807 933 1832 non
970 1791 1179 1839 diuturni,
1219 1805 1371 1831 uerum
1408 1790 1673 1844 sempiterni,
1714 1804 1811 1830 eum

250 1870 457 1910 timentes
494 1883 623 1922 quem
662 1868 815 1908 timere
852 1866 1031 1907 debebit
1068 1872 1111 1906 et
1148 1866 1238 1920 ipse
1277 1866 1349 1919 (1111
1388 1866 1594 1906 timentes
1630 1865 1809 1915 iudicat,

251 1943 395 1993 deum,
430 1958 517 1984 non
550 1941 853 1997 proconsulem
886 1941 1105 1981 timentes.

333 2076 407 2117 46.
469 2075 768 2124 Constitimus,
808 2080 859 2115 ut
895 2073 1061 2128 opinor,
1101 2072 1310 2113 aduersus
1346 2073 1541 2114 omnium
1580 2073 1809 2114 criminum
1832 2090 1876 2122 25

247 2151 602 2199 intentationem,
629 2163 741 2203 quae
765 2148 1111 2189 Christianorum
1135 2147 1391 2201 sanguinem
1415 2147 1599 2201 flagitat.
1656 2147 1808 2188 Osten-

249 2226 393 2267 dimus
411 2231 557 2266 totum
574 2229 743 2265 statum
761 2228 974 2271 nostrum,
996 2227 1039 2262 et
1057 2222 1216 2276 quibus
1234 2222 1374 2263 modis
1392 2222 1576 2277 probare
1594 2222 1809 2276 possimus

249 2301 311 2341 ita
329 2315 419 2342 esse
434 2301 548 2341 sicut
563 2299 848 2347 ostendimus,
868 2312 920 2337 ex
935 2297 1021 2338 fide
1037 2297 1200 2337 scilicet
1216 2302 1259 2337 et
1275 2297 1543 2351 antiquitate
1559 2297 1808 2338 diuinarum

249 2378 508 2427 litterarum,
539 2377 645 2418 item
675 2391 727 2417 ex
756 2376 1025 2417 confessione
1053 2375 1345 2430 spiritualium
1374 2380 1661 2429 potestatum.
1725 2375 1806 2424 Qui

249 2468 328 2494 nos
348 2453 565 2493 reuincere
586 2452 779 2501 audebit,
801 2466 889 2493 non
909 2456 1003 2492 arte
1023 2451 1269 2499 uerborum,
1291 2451 1365 2491 sed
1387 2450 1539 2491 eadem
1559 2450 1698 2491 fornia
1719 2466 1805 2505 qua
1825 2466 1869 2496 30

249 2528 553 2583 probationem
589 2526 910 2575 constituimus,
948 2526 1001 2566 de
1036 2526 1249 2566 ueritate?
1313 2525 1396 2565 Sed
1431 2525 1534 2566 dum
1572 2525 1805 2580 unicuique

248 2605 558 2646 manifestatur
583 2604 744 2645 ueritas
769 2609 932 2653 nostra,
959 2603 1133 2644 interim
1159 2602 1452 2651 incredulitas,
1479 2603 1582 2643 dum
1610 2602 1663 2643 de
1690 2603 1803 2644 bono

249 2685 392 2721 sectae
412 2679 539 2720 huius
556 2679 803 2728 obducitur,
825 2678 943 2733 quod
962 2679 1057 2720 usui
1076 2679 1163 2719 iam
1183 2683 1228 2719 et
1245 2678 1298 2718 de
1317 2677 1574 2718 commercio
1594 2677 1799 2727 innotuit,

247 2772 334 2799 non
356 2757 508 2811 utique
527 2757 726 2798 diuinum
746 2757 970 2812 negotium
992 2756 1228 2804 existimat,
1251 2755 1325 2796 sed
1347 2755 1482 2810 magis
1502 2755 1801 2809 philosophiae

245 2846 394 2890 genus.
423 2889 427 2893 Ι
456 2831 636 2881 Eadem,
658 2832 815 2886 inquit,
839 2837 882 2873 et
902 2831 1148 2886 philosophi
1169 2836 1349 2872 monent
1369 2835 1503 2884 atque
1523 2830 1797 2884 profitentur,
1821 2848 1865 2882 35
