1975 3306
245 199 298 239 22
824 196 1230 239 TERTVLLIANI

242 318 401 355 senatu
424 312 764 363 submonebant,
791 326 904 367 quae
927 311 1103 353 theatra
1126 310 1382 365 stuprandis
1406 310 1600 352 moribus
1623 311 1811 353 orientia

243 392 397 433 statim
427 390 728 440 destruebant,
761 405 874 445 quae
903 390 1173 446 dignitatum
1204 394 1248 431 et
1277 389 1562 431 honestorum
1591 389 1808 431 natalium

243 470 430 525 insignia
448 484 537 510 non
556 475 720 511 temere
738 482 819 509 nec
836 468 1002 523 inpune
1020 467 1222 522 usurpari
1240 467 1472 509 sinebant?
1535 468 1672 510 Video
1693 468 1809 509 enim

244 554 289 590 et
318 548 591 590 centenarias
620 561 776 588 coenas
806 561 830 587 a
861 546 1055 588 centenis
1083 546 1172 587 iam
1201 545 1411 587 sestertiis
1440 545 1660 596 dicendas,
1692 552 1737 588 et
1764 546 1810 587 in

243 627 389 668 lances
417 628 591 681 (parum
619 631 685 666 est
710 625 745 666 si
771 630 1026 666 senatorum
1053 629 1098 665 et
1122 638 1212 665 non
1238 623 1543 665 libertinorum
1569 624 1639 665 uel
1665 624 1810 666 adhuc
1829 640 1852 671 5

244 704 379 760 flagra
421 703 739 758 rumpentium)
783 702 1032 757 argentaria
1073 701 1253 743 metalla
1294 702 1524 757 producta.
1586 702 1723 744 Video
1767 707 1812 744 et

246 783 422 825 theatra
454 796 535 824 nec
568 781 738 837 singula
771 781 879 822 satis
913 795 1003 822 esse
1036 795 1116 822 nec
1149 781 1291 831 nuda;
1342 796 1447 822 nam
1479 795 1534 822 ne
1567 782 1637 822 uel
1670 781 1812 822 hieme

244 863 454 917 uoluptas
480 861 689 916 inpudica
718 860 907 915 frigeret,
939 859 1068 914 primi
1098 858 1433 900 Lacedaemonii
1462 859 1669 914 penulam
1697 859 1812 901 ludis

245 944 622 999 excogitauerunt.
684 941 821 983 Video
864 947 908 983 et
947 941 1062 982 inter
1102 946 1329 982 matronas
1369 946 1505 996 atque
1545 941 1812 996 prostibulas

244 1025 415 1067 nullum
448 1025 501 1066 de
533 1023 691 1065 habitu
722 1023 954 1064 discrimen
986 1022 1200 1063 relictum.
1263 1021 1385 1063 Circa
1417 1022 1602 1064 feminas
1634 1022 1812 1077 quidem
1835 1040 1880 1062 10

245 1107 379 1148 etiam
407 1106 481 1148 illa
510 1106 726 1147 maiorum
754 1105 962 1146 instituta
991 1103 1243 1145 ceciderunt
1272 1118 1384 1158 quae
1413 1103 1668 1154 modestiae,
1699 1117 1812 1158 quae

243 1187 473 1229 sobrietati
514 1185 923 1241 patrocinabantur,
968 1199 1068 1226 cum
1109 1199 1266 1226 aurum
1307 1185 1427 1225 nulla
1468 1190 1599 1226 norat
1639 1190 1813 1239 praeter

246 1269 375 1310 unico
402 1268 540 1323 digito
568 1281 699 1322 quem
726 1281 913 1321 sponsus
939 1266 1274 1321 obpignorasset
1300 1266 1503 1321 pronubo
1530 1266 1676 1316 anulo,
1706 1280 1806 1307 cum

244 1350 446 1391 mulieres
491 1363 629 1403 usque
674 1348 783 1389 adeo
828 1348 932 1389 uino
977 1348 1317 1398 abstinerentur,
1364 1353 1416 1388 ut
1460 1352 1711 1388 matronam
1755 1347 1811 1389 ob

244 1432 488 1487 resignatos
505 1430 637 1471 cellae
653 1429 849 1470 uinariae
865 1429 1030 1470 loculos
1047 1429 1113 1470 sui
1129 1428 1274 1469 inedia
1291 1428 1503 1478 necarint,
1523 1427 1603 1470 sub
1622 1428 1812 1469 Romulo
1837 1447 1879 1478 15

244 1528 348 1554 uero
372 1527 485 1567 quae
505 1512 659 1553 uinum
681 1511 905 1567 attigerat,
929 1511 1094 1565 inpune
1116 1525 1140 1551 a
1163 1510 1385 1551 Metennio
1408 1510 1567 1551 marito
1590 1510 1814 1551 trucidata

242 1593 313 1635 sit.
375 1593 544 1634 Idcirco
572 1597 616 1634 et
641 1592 789 1633 oscula
815 1591 1074 1646 propinquis
1099 1590 1253 1632 offerre
1280 1591 1414 1631 etiam
1440 1591 1676 1632 necessitas
1704 1596 1811 1643 erat,

247 1680 299 1716 ut
330 1674 487 1729 spiritu
517 1673 829 1715 iudicarentur.
892 1672 979 1713 Ubi
1012 1677 1078 1713 est
1108 1672 1181 1712 illa
1213 1671 1398 1712 felicitas
1431 1671 1812 1713 matrimoniorum

249 1755 303 1796 de
331 1755 525 1796 moribus
553 1754 708 1808 utique
736 1758 1006 1808 prosperata,
1037 1768 1124 1808 qua
1153 1767 1229 1807 per
1256 1767 1394 1794 annos
1422 1752 1557 1793 ferme
1584 1759 1814 1794 sexcentos

247 1836 303 1878 ab
334 1836 441 1878 urbe
470 1836 648 1877 condita
677 1835 796 1876 nulla
825 1834 1058 1889 repudium
1087 1834 1244 1875 domus
1273 1834 1473 1888 scripsit?
1535 1834 1596 1875 At
1624 1848 1740 1875 nunc
1769 1834 1813 1875 in
1835 1851 1883 1873 20

248 1918 421 1959 feminis
444 1932 548 1973 prae
571 1931 677 1958 auro
701 1916 871 1957 nullum
894 1916 990 1956 leue
1014 1920 1080 1956 est
1103 1915 1364 1965 membrum,
1390 1929 1494 1970 prae
1517 1916 1620 1956 uino
1644 1916 1813 1957 nullum

248 2000 434 2041 liberum
465 2005 531 2040 est
560 1998 771 2047 osc-ulum,
802 1997 1034 2052 repudium
1065 2011 1168 2037 uero
1198 1996 1286 2037 iam
1317 2002 1362 2037 et
1390 2002 1547 2037 uotum
1578 2002 1656 2046 est,
1689 1997 1814 2051 quasi

249 2081 519 2122 matrimonii
567 2080 749 2120 fructus.
812 2079 961 2120 Etiam
1010 2078 1122 2119 circa
1170 2078 1287 2132 ipsos
1334 2078 1438 2119 deos
1485 2083 1655 2120 uestros
1703 2093 1815 2133 quae

249 2166 479 2216 prospecte
508 2160 794 2201 decreuerant
822 2165 970 2214 patres
999 2159 1147 2208 uestri,
1179 2159 1295 2199 idem
1325 2173 1404 2200 uos
1433 2158 1814 2213 obsequentissimi

250 2242 499 2284 rescidistis.
561 2241 767 2282 Liberum
822 2241 999 2282 Patrem
1053 2254 1152 2281 cum
1205 2240 1425 2295 mysteriis
1477 2240 1566 2281 suis
1618 2240 1815 2281 consules
1837 2259 1881 2290 25

250 2329 431 2366 senatus
452 2323 718 2364 auctoritate
740 2336 827 2363 non
849 2321 980 2362 modo
1003 2321 1122 2371 urbe,
1146 2321 1222 2362 sed
1243 2321 1446 2362 uniuersa
1469 2321 1599 2362 Italia
1622 2321 1813 2361 elimina-

251 2409 425 2445 uerunt.
487 2402 740 2457 Serapidem
774 2407 818 2443 et
850 2401 1012 2443 Isidem
1045 2406 1090 2442 et
1121 2401 1408 2456 Arpocratem
1442 2415 1541 2442 cum
1573 2416 1651 2442 suo
1684 2415 1814 2456 cyno-

253 2484 434 2540 cephalo
458 2483 673 2538 Capitolio
697 2482 941 2537 prohibitos
963 2482 1124 2531 inferri,
1149 2482 1194 2522 id
1218 2487 1284 2523 est
1306 2482 1425 2522 curia
1448 2481 1629 2522 deorum
1652 2482 1812 2537 pulsos,

253 2566 352 2608 Piso
384 2572 428 2607 et
458 2565 670 2607 Gabinius
699 2564 897 2605 consules
926 2579 1014 2605 non
1044 2563 1198 2618 utique
1228 2563 1461 2605 Christiani
1492 2563 1651 2604 euersis
1681 2564 1815 2605 etiam

252 2649 338 2689 aris
363 2662 511 2688 eorum
537 2646 869 2695 abdicauerunt,
897 2645 1093 2700 turpium
1120 2650 1164 2686 et
1187 2644 1427 2686 otiosarum
1452 2644 1815 2699 superstitionum
1835 2663 1883 2696 30

251 2729 362 2770 uitia
413 2727 679 2769 cohibentes.
741 2727 823 2768 His
872 2741 952 2767 uos
1000 2726 1218 2767 restitutis
1267 2739 1486 2766 summam
1537 2725 1815 2766 maiestatem

216 2850 218 2853 ,
253 2810 514 2852 contulistis.
576 2808 663 2850 Ubi
708 2808 869 2863 religio,
918 2807 992 2849 ubi
1039 2807 1264 2848 ueneratio
1310 2806 1548 2848 maioribus
1594 2806 1743 2848 debita
1789 2821 1815 2848 a

253 2891 407 2933 uobis?
470 2889 655 2939 Habitu,
685 2889 820 2938 uictu,
849 2888 1081 2938 instructu,
1111 2901 1252 2937 sensu,
1281 2887 1376 2942 ipso
1403 2887 1591 2942 denique
1617 2902 1816 2929 sermone
