1975 3306
250 82 330 122 380
824 81 1229 123 TERTVLLIANI
1455 82 1514 137 [p.
1543 83 1621 124 108
1642 81 1670 123 I.
1696 83 1807 122 22—-

252 199 346 239 154.
410 197 556 237 Bul-m.
580 196 634 237 ad
658 196 738 238 Ou.
764 196 940 238 Metam.
965 208 999 238 11
1024 199 1119 239 239.
1184 197 1291 239 Plin.
1315 213 1379 254 ep.
1404 209 1437 238 ΙΙ
1463 200 1480 238 1
1509 196 1529 254 5
1551 196 1586 238 7.
1629 194 1806 253 V1251.

254 267 365 307 Hau.
389 268 437 307 cf.
462 266 572 307 Flor.
597 277 650 306 III
675 268 726 306 21
751 264 770 322 5
800 269 853 307 25
881 266 1026 308 uiaere
1055 267 1221 322 aliquos
1252 267 1409 315 debere,
1431 272 1477 308 nt
1505 272 1635 308 essent
1661 266 1810 322 quibus

252 336 512 391 imperarent
534 335 619 376 and
634 335 735 376 Sall.
751 335 796 376 in
815 334 935 376 Seru.
951 336 1058 376 Aen.
1074 347 1161 376 VIII
1179 335 1260 377 557
1279 336 1334 390 [=
1354 335 1452 377 hist.
1472 347 1485 376 1
1509 337 1565 376 30
1583 334 1808 376 Maurenb.

251 406 429 461 speciem
451 411 599 460 captae
621 405 736 446 urbis
758 405 924 460 efficere.
976 405 1025 446 A.
1038 404 1110 459 S.].

212 494 231 524 5
342 486 512 516 HOSTES
543 489 575 515 c.
603 477 627 515 2
660 489 699 530 p.
735 477 787 514 10
821 474 845 515 l.
880 476 945 515 28.
1000 489 1031 515 c.
1067 476 1120 515 32
1147 474 1418 530 publicorum
1449 474 1631 516 hostiam
1662 488 1810 515 nomen

257 544 513 585 Christianis
553 544 723 586 (labant.
781 546 835 586 35
871 559 931 600 pr.
963 544 1129 599 publici
1166 545 1297 586 hostes
1341 544 1587 586 Christiani.
1650 542 1810 584 Arnob.

256 625 270 654 Ι
316 617 335 655 1
383 629 509 669 neque
558 615 670 655 enim
716 614 963 668 neyaaerim
1010 614 1331 655 ualidissimam
1380 628 1463 655 esse
1504 613 1811 655 accusationem

255 685 394 734 istam,
421 684 721 739 hostilibusque
749 684 976 739 cotzcliyizos
1008 685 1117 725 odiis
1147 699 1219 726 nos
1250 699 1344 726 esse.
1406 684 1502 725 Tae.
1531 684 1644 725 Ann.
1669 694 1732 723 XV
1757 684 1811 723 44

255 755 484 796 multitudo
532 756 680 810 inyens
726 754 844 796 hand
886 753 1071 809 proincle
1122 755 1168 795 in
1219 754 1396 796 crimine
1447 753 1635 795 incendii
1685 767 1813 808 quam

195 846 236 868 10
257 826 351 867 oolio
385 825 564 866 humani
597 826 764 879 yeneris
799 824 982 866 conuicti
1017 830 1125 874 sant,
1162 824 1305 865 where
1342 823 1482 865 Ζ61161·
1524 822 1749 877 (Zeitschr.
1788 822 1812 862 f.

256 895 364 937 wiss.
408 896 553 936 Theol.
599 897 708 937 1891
754 894 1018 948 356-367),
1060 894 1289 950 recanting
1330 893 1398 935 his
1439 894 1597 951 former
1637 891 1814 948 opinion

256 966 490 1022 (Vortrage
506 978 541 1006 II
561 968 676 1019 195),
694 981 787 1007 sees
803 964 1122 1021 μισανθρωπία
1140 965 1514 1007 Menschenscheu
1537 964 1685 1005 rather
1707 963 1814 1004 than

257 1036 607 1078 Menschenhass.

346 1122 384 1162 p.
419 1109 500 1148 108
531 1107 555 1147 l.
588 1106 640 1148 27
672 1117 1009 1155 VSQVEQVAQVE
1042 1106 1186 1162 Scorp.
1212 1109 1264 1148 15
1287 1121 1347 1162 pr.
1410 1106 1466 1147 ad
1497 1112 1584 1147 nat.
1618 1117 1634 1146 1
1669 1107 1721 1145 18
1744 1104 1815 1146 fin.

197 1194 237 1225 15
260 1188 295 1217 II
330 1179 382 1217 12
412 1192 450 1232 p.
481 1178 562 1218 119
602 1177 625 1218 l.
661 1179 686 1217 8
727 1176 848 1217 Wiss.
912 1176 978 1217 De
1006 1176 1250 1232 Monogam.
1290 1176 1342 1217 17
1370 1190 1430 1231 pr.
1494 1175 1640 1217 Sidon.
1669 1175 1745 1230 Ep.
1781 1185 1815 1214 ΙΙ

261 1249 315 1288 10
346 1245 365 1303 5
399 1250 433 1288 1.
477 1258 529 1287 IX
561 1248 587 1287 3
618 1245 638 1303 5
666 1248 701 1288 7.
737 1249 789 1288 15
824 1261 906 1287 ver.
941 1248 1007 1287 41.
1075 1246 1188 1302 Aug.
1221 1261 1285 1302 ep.
1321 1248 1403 1287 153
1440 1247 1494 1287 14
1527 1261 1588 1302 pr.
1629 1247 1710 1286 185
1750 1246 1815 1286 25.

260 1317 378 1371 [Add
403 1318 467 1358 Ps.
489 1320 583 1367 118,
602 1320 638 1358 8.
657 1319 736 1358 43:
768 1317 978 1373 probably
1000 1332 1045 1358 as
1068 1333 1199 1373 many
1220 1332 1266 1358 as
1291 1319 1374 1358 100
1396 1316 1615 1359 instances
1637 1315 1681 1356 in
1704 1315 1816 1371 Aug.

257 1387 307 1428 A.
327 1387 386 1442 S]

348 1472 386 1512 p.
412 1458 495 1498 108
528 1456 552 1497 l.
577 1458 631 1497 28
662 1467 1011 1497 DAEMONIORVM
1044 1471 1075 1497 o.
1111 1458 1165 1497 23
1198 1471 1236 1512 p.
1266 1459 1319 1498 82
1354 1457 1377 1498 1.
1408 1458 1461 1497 22
1495 1471 1533 1498 n.
1556 1456 1660 1510 (last)
1693 1455 1819 1508 half),

194 1549 240 1570 20
260 1542 292 1568 0.
324 1529 377 1568 25
415 1542 476 1583 pr.
514 1542 566 1576 n.,
600 1542 632 1568 e.
670 1526 736 1576 27,
770 1541 802 1568 0.
837 1528 891 1568 32
929 1526 1013 1575 fin„
1047 1541 1079 1567 0.
1114 1528 1170 1567 43
1208 1527 1360 1582 quanti
1392 1526 1564 1576 habetis,
1602 1541 1682 1568 non
1724 1525 1818 1567 dico

260 1599 351 1640 iam
382 1598 456 1653 qni
489 1597 540 1639 cle
583 1597 698 1639 uobis
739 1597 968 1638 daemonia
1005 1597 1248 1638 eoecatiant?
1311 1596 1467 1637 Iustin.
1511 1596 1634 1652 Apol.
1673 1607 1707 1636 ΙΙ
1741 1597 1765 1637 6
1793 1595 1818 1636 f.

260 1668 389 1720 (Otto
431 1682 470 1723 p.
510 1669 593 1709 216
626 1682 665 1707 n.
700 1668 786 1719 15).
847 1667 896 1707 cf.
936 1666 1054 1707 Lact.
1097 1665 1198 1707 Diu.
1241 1666 1370 1707 Instb.
1414 1677 1463 1706 IV
1502 1667 1554 1707 27
1594 1664 1633 1722 55
1665 1667 1818 1707 2-14.

262 1736 519 1777 Tzschirner
552 1735 634 1776 175
658 1750 717 1790 sq.

352 1817 628 1847 INCVRSIBVS
680 1805 746 1846 De.
799 1804 944 1846 Anim.
988 1806 1040 1846 57
1087 1819 1125 1860 p.
1169 1805 1253 1845 392
1306 1804 1330 1845 l.
1374 1807 1398 1845 5
1453 1804 1578 1845 Wiss.
1620 1803 1821 1860 pluribus

199 1893 241 1924 25
264 1882 406 1918 notum
440 1882 499 1918 est
534 1875 856 1917 daemoniorum
885 1889 1044 1929 qaoque
1073 1889 1201 1929 opera
1235 1880 1272 1915 et
1304 1874 1564 1915 immaturas
1595 1880 1631 1916 et
1663 1880 1822 1915 atroces

264 1946 369 2001 effici
390 1952 554 1995 mortes,
577 1960 683 2000 qzcas
708 1944 947 1986 incursibus
970 1944 1197 1999 deputant:
1241 1943 1296 1984 116
1325 1958 1427 2000 goes
1459 1959 1514 1985 011
1540 1950 1585 1985 to
1614 1943 1747 2000 speak
1780 1944 1828 1983 of

265 2017 506 2058 exorcisms.
569 2016 637 2057 De
671 2016 856 2059 Praescr.
893 2015 1022 2055 Haer.
1063 2017 1127 2055 15.
1181 2013 1316 2056 016111.
1354 2014 1538 2070 Recogn.
1570 2026 1619 2055 IV
1656 2016 1718 2054 14.
1756 2012 1822 2062 17,

264 2087 452 2128 incursio
506 2086 735 2127 daemonis.
798 2084 1048 2141 Chrysolog.
1092 2084 1228 2125 Serm.
1279 2086 1344 2133 18,
1394 2083 1544 2140 Migne
1587 2083 1630 2124 P.
1669 2083 1714 2124 L.
1759 2093 1821 2123 LII

267 2171 304 2211 p.
330 2154 435 2196 ‘248¹'
454 2155 677 2210 pelluntur
698 2170 726 2196 a
747 2155 864 2196 nobis
886 2154 1119 2196 daemones.
1182 2153 1300 2195 Lact.
1324 2153 1424 2195 Diu.
1448 2154 1576 2195 Instat.
1602 2164 1636 2194 ΙΙ
1672 2156 1723 2194 15
1751 2151 1770 2209 5
1797 2155 1820 2194 6

202 2246 247 2277 30
268 2227 456 2282 affirmat
482 2241 548 2268 eos
578 2225 769 2274 Hermes,
792 2225 866 2280 qai
896 2225 1165 2279 coynouerint
1198 2224 1333 2274 (lenm,
1359 2240 1440 2266 non
1474 2230 1639 2266 tantum
1673 2224 1724 2265 ab
1757 2225 1822 2264 in-

267 2296 458 2339 carsibas
475 2296 649 2338 daemon
659 2310 728 2336 ani
745 2301 853 2336 tectos
870 2309 964 2343 esse,
982 2309 1131 2336 uerum
1149 2309 1198 2335 ne
1203 2293 1305 2350 fato
1322 2294 1490 2349 quidem
1505 2294 1646 2336 teneri.
1700 2305 1749 2334 IV
1768 2292 1820 2334 27

271 2365 291 2422 5
313 2368 337 2406 2
363 2382 461 2408 nam
483 2367 591 2408 sicat
612 2366 712 2421 ipse,
735 2380 830 2407 cam
851 2365 962 2406 inter
983 2365 1170 2406 homines
1192 2371 1345 2418 ayeret,
1362 2365 1581 2406 uniuersos
1602 2364 1824 2406 daemones

273 2436 392 2478 aerbo
415 2435 605 2491 fayabat
638 2435 935 2489 hominumque
968 2440 1125 2476 ‘mentes
1158 2439 1316 2475 emotas
1353 2440 1389 2475 et
1422 2434 1550 2475 malis
1584 2432 1824 2475 incursibus

258 2506 459 2562 furiatas
490 2505 537 2546 in
564 2519 709 2546 sensus
729 2503 939 2559 pristinos
964 2503 1198 2558 reponebat.
1260 2502 1315 2543 ib.
1338 2502 1358 2559 5
1381 2505 1434 2543 14
1457 2503 1633 2558 denique
1660 2503 1699 2543 si
1729 2517 1821 2544 con-

204 2594 247 2624 35
268 2576 474 2617 stitaatnr
524 2575 572 2615 in
622 2574 760 2615 medio
811 2579 848 2615 et
895 2574 943 2622 is,
986 2587 1105 2628 quem
1147 2578 1306 2614 constat
1345 2572 1567 2613 incursum
1607 2571 1825 2612 daemonis

263 2646 443 2701 perpeti,
478 2651 514 2686 et
556 2644 755 2699 Delphici
796 2643 1017 2699 Apollinis
1057 2649 1187 2692 uates,
1221 2642 1363 2684 eodem
1405 2641 1526 2683 modo
1568 2641 1637 2682 olei
1677 2655 1824 2682 nomen

269 2715 505 2764 horrebant,
544 2721 580 2756 et
618 2720 706 2755 tani
744 2713 934 2755 celeriter
971 2713 1133 2755 excedet
1173 2713 1224 2755 de
1254 2718 1352 2754 uate
1387 2727 1460 2753 sno
1494 2711 1663 2766 Apollo,
1697 2726 1825 2766 qaam

269 2800 318 2828 ew
348 2784 514 2826 homine
549 2785 730 2839 spiritus
764 2784 839 2825 ille
877 2783 1156 2825 daemonicus.
1219 2782 1389 2839 Appeal
1418 2787 1461 2823 to
1497 2787 1826 2837 contemporary
