1975 3306
70 143 113 184 p.
138 130 162 170 6
186 129 213 172 l.
239 129 310 182 21]
564 128 1011 171 APOLOGETICVS
1046 131 1080 176 1,
1112 130 1134 168 2
1558 127 1637 168 155

72 257 395 287 NECESSARIVM
434 257 525 295 EST,
559 257 810 287 CONFESSIO
843 257 1052 295 NOMINE,
1079 257 1175 287 NON
1209 255 1507 286 EXARHNATIO
1541 255 1636 284 CRI-

72 326 205 356 MINIS
237 322 316 357 cet.
380 316 526 357 lustin
558 316 667 372 apol.
695 327 711 356 Ι
744 318 770 356 4
800 331 859 372 pr.
888 331 928 372 p.
960 313 1174 357 54⁴¹—55¹‘
1208 313 1420 366 ὀνόματος
1452 314 1531 367 μὲν
1563 312 1639 354 οὖν

73 387 370 441 προσωνυμία
393 387 492 429 οὔτε
516 387 684 439 α’γαθὸν
703 387 803 429 οὔτε
826 386 962 429 κακὸν
985 386 1176 441 κρίνεται
1199 385 1303 428 ἄνευ
1326 388 1414 427 τῶν
1438 385 1637 426 ὑποπιπ-

73 459 246 498 τουσῶν
269 458 328 512 τῷ
358 456 540 509 ὀνόματι
567 456 794 512 πράξεων·
830 456 937 505 ἐπεί,
962 454 1068 497 ὅσον
1097 473 1147 509 γε
1177 457 1223 495 ἐκ
1256 458 1334 497 τοῦ
1365 472 1637 509 κατηγορου-

72 525 206 580 μένου
234 526 357 579 ἡμῶν
391 525 615 581 ὀνόματος,
644 524 949 583 χρηστότατοι
980 524 1254 581 ὑπάρχομεν.
1317 524 1421 566 ἀλλ’
1457 524 1553 566 ἐπεὶ
1588 524 1637 566 οὐ
1658 538 1679 569 5

74 599 203 638 τοῦτο
237 594 406 639 δίκαιον
438 596 675 651 ἡγούμεθα,
711 595 783 639 διὰ
813 597 860 638 τὸ
892 596 1042 650 ὄνομα,
1071 594 1147 638 ἐὰν
1175 594 1305 637 κακοὶ
1335 594 1639 652 ἐλεγχώμεθα,

73 665 211 707 αἰτεῖν
243 664 470 722 ἀφίεσθαι,
503 666 656 715 πάλιν,
689 666 726 707 εἰ
756 665 893 719 μηδὲν
930 664 1002 707 διά
1037 683 1084 707 τε
1117 663 1196 718 τὴν
1229 663 1537 721 προσηγορίαν
1559 666 1639 705 τοῦ

73 734 289 789 ὀνόματος
306 737 380 778 καὶ
395 735 466 778 διὰ,
483 735 564 789 τὴν
581 737 818 778 πολιτείαν
835 735 1133 791 εὑρισκόμεθα
1149 734 1415 785 ἀδικοῦντες,
1431 734 1640 791 ὑμέτερον

73 803 328 859 α’γωνιᾶσαί
348 807 445 848 ἐστι
467 805 527 861 μὴ
555 805 718 851 (ι’δικῶς
748 804 1010 857 κολάζοντες
1039 805 1138 850 τοὺς
1161 804 1220 857 μὴ
1244 804 1560 862 ἐλεγχομένους
1584 807 1638 859 τῇ

75 874 173 930 δίκῃ
197 875 389 919 κόλασιν
411 876 653 931 ὀφλήσητε.
722 877 771 930 ἐξ
796 875 1012 930 ὀνόματος
1035 874 1120 932 γὰρ
1143 875 1166 927 ἣ
1193 875 1374 920 ἔπαινος
1398 874 1422 926 ἢ
1448 876 1637 921 κόλασις
1661 893 1704 915 10

75 945 154 987 οὐκ
178 945 232 988 ἂν
255 946 448 1001 εὐλόγως
471 946 656 999 γένοιτο,
679 946 730 998 ἦν
756 945 814 999 μή
849 964 893 988 τι
923 945 1127 999 ἐνάρετον
1156 945 1181 997 ἦ
1212 949 1387 999 φαῦλον
1417 945 1469 988 δι’
1501 945 1638 1001 ἔργων

76 1012 432 1057 ἀποδείκνυσθαι
476 1014 671 1068 δύνηται.
735 1015 810 1057 καὶ
853 1013 939 1069 γὰρ
983 1014 1086 1060 τοὺς
1124 1014 1532 1071 κατηγορουμένους
1570 1015 1637 1069 ἐφ’

78 1084 198 1137 ὑμῶν
229 1074 400 1129 πάντας
429 1086 537 1138 πρὶν
570 1086 844 1142 ἐλεγχθῆναι
877 1085 926 1126 οὐ
960 1088 1199 1138 τιμωρεῖτε,
1241 1083 1307 1139 ἐφ’
1348 1085 1471 1137 ἡμῶν
1509 1084 1553 1127 δὲ
1591 1085 1639 1127 τὸ

78 1154 216 1207 ὄνομα
244 1155 301 1200 ὡς
330 1154 525 1212 ἔλεγχον
552 1156 827 1209 λαμβάνετε,
849 1154 1024 1210 καίπερ,
1047 1154 1154 1196 ὅσον
1175 1171 1225 1206 γε
1247 1155 1294 1195 ἐκ
1317 1157 1395 1196 τοῦ
1418 1153 1640 1208 ὀνόματος,

79 1223 181 1269 τοὺς
219 1229 577 1282 κατηγοροῦντας
613 1229 792 1280 μᾶλλον
834 1226 1041 1277 κολάζειν
1083 1222 1298 1280 ὀφείλετε.
1374 1225 1639 1281 Χριστιανοὶ
1663 1246 1705 1276 15

77 1293 164 1350 γὰρ
187 1294 298 1338 εἶναι
322 1295 706 1353 κατηγορούμεθα·
742 1295 791 1338 τὸ
819 1295 865 1338 δὲ
891 1294 1094 1353 χρηστὸν
1118 1295 1353 1349 μισεῖσθαι
1381 1295 1431 1337 οὐ
1458 1294 1640 1337 δίκαιον.

80 1365 156 1407 καὶ
178 1365 319 1409 πάλιν
349 1365 423 1408 ἐὰν
448 1366 528 1421 μέν
557 1385 623 1412 τις
656 1370 744 1410 τῶν
771 1364 1165 1421 κατηγορουμένων
1188 1365 1367 1421 ἔξαρνος
1388 1366 1566 1420 γένηται
1590 1367 1642 1420 τῇ

81 1438 203 1493 φωνῇ
226 1436 285 1490 μὴ
310 1436 420 1479 εἶναι
447 1437 607 1494 φήσας,
630 1436 786 1494 α’φίετε
812 1437 947 1480 αὐτὸν
977 1438 1032 1483 ὡς
1063 1435 1199 1490 μηδὲν
1229 1437 1437 1493 ἐλέγχειν
1467 1437 1643 1492 ἔχοντες

81 1506 406 1561 ἁμαρτάνοντα,
425 1507 501 1550 ἐὰν
525 1507 569 1549 δέ
593 1526 658 1553 τις
681 1507 942 1564 ὁμολογήσῃ
967 1507 1091 1556 εἶναι,
1111 1505 1182 1549 διὰ
1205 1505 1284 1559 τὴν
1307 1505 1550 1560 ὁμολογίαν
1572 1524 1642 1547 κο-

80 1576 254 1630 λάζετε·
290 1576 385 1619 δέον
407 1578 481 1620 καὶ
504 1577 578 1620 τὸν
601 1580 678 1620 τοῦ
702 1577 1021 1632 ὁμολογοῦντος
1036 1576 1141 1630 βίον
1159 1576 1353 1619 εὐθύνειν
1371 1576 1445 1618 καὶ
1470 1575 1546 1618 τὸν
1564 1579 1642 1619 τοῦ
1662 1599 1708 1620 20

83 1645 365 1700 ἀρνουμένου,
389 1647 509 1694 ὅπως
532 1646 605 1689 διὰ
635 1650 724 1689 τῶν
747 1647 955 1703 πράξεων
987 1646 1140 1693 ὁποῖός
1171 1648 1293 1689 ἐστιν
1324 1646 1511 1692 ἕκαστος
1542 1647 1641 1702 φαί-

84 1735 224 1769 νηται.
289 1718 506 1774 Athenag.
532 1721 555 1760 2
579 1735 618 1775 p.
643 1717 705 1760 3ὒο
728 1719 803 1760 καὶ
825 1717 911 1774 γὰρ
937 1718 987 1760 οὐ
1009 1717 1120 1774 πρὸς
1144 1721 1220 1771 τῆς
1245 1716 1458 1773 ὑμετέρας
1481 1717 1643 1758 δικαιο-

83 1789 219 1839 σύνης
237 1786 337 1832 τοὺς
350 1787 429 1841 μὲν
446 1787 624 1837 ἄλλους,
640 1786 785 1830 αἰτίαν
801 1786 1032 1840 λαβόντας
1047 1785 1339 1838 ἀδικημάτων,
1353 1785 1412 1840 μὴ
1430 1786 1644 1840 πρότερον

83 1853 110 1906 ἢ
138 1855 409 1910 ἐλεγχθῆναι
439 1855 726 1907 κολάζεσθαι,
751 1854 815 1909 ἐφ’
840 1856 964 1908 ἡμῶν
993 1854 1037 1896 δὲ
1064 1855 1212 1907 μεῖζον
1235 1852 1413 1910 ἰσχύειν
1435 1852 1483 1895 τὸ
1507 1853 1643 1904 ὄνομα

84 1924 170 1966 τῶν
202 1923 275 1966 ἐπὶ
308 1926 359 1978 τῇ
393 1923 488 1980 δίκῃ
522 1924 728 1982 ἐλέγχων,
759 1924 838 1966 οὐκ
867 1924 904 1966 εἰ
932 1922 1118 1977 ἠδίκησέ
1150 1941 1192 1964 τι
1224 1921 1244 1965 ὁ
1273 1921 1525 1978 κρινόμενος
1557 1924 1643 1964 τῶν
1665 1940 1707 1972 25

85 1992 353 2045 δικαζόντων
387 1993 722 2046 ἐπιζητούντων,
761 1991 863 2035 ἀλλ’
904 1993 963 2038 εἰς
1001 1992 1051 2035 τὸ
1088 1993 1226 2045 ὄνομα
1261 1994 1317 2038 ὡς
1354 1992 1413 2036 εἰς
1450 1991 1642 2044 ἀδίκημα

85 2062 416 2120 ἐνυβριζόντων.
494 2063 619 2106 οὐδὲν
648 2063 694 2106 δὲ
721 2063 858 2116 ὄνομα
890 2063 957 2120 ἐφ’
992 2064 1150 2105 ἑαυτοῦ
1183 2063 1256 2104 καὶ
1289 2061 1342 2104 δι’
1376 2062 1512 2104 αὑτοῦ
1544 2062 1644 2104 οὔτε

86 2132 279 2188 πονηρὸν
302 2133 401 2175 οὔτε
424 2132 627 2190 χρηστὸν
650 2133 881 2185 νομίζεται,
905 2132 977 2175 διὰ
1007 2133 1051 2175 δὲ
1080 2132 1158 2178 τὰς
1186 2132 1474 2185 ὑποκειμένας
1496 2132 1644 2177 αὐτοῖς

84 2202 112 2256 ἦ
136 2203 329 2258 πονηρὰς
351 2202 378 2256 ἢ
402 2202 575 2257 ἀγαθὰς
597 2201 781 2259 πράξεις
802 2202 829 2256 ἢ
854 2205 1035 2257 φλαῦρα
1057 2202 1083 2256 ἢ
1107 2201 1257 2257 α’γαθὰ
1281 2202 1411 2244 δοκεῖ.

174 2288 212 2328 p.
257 2275 281 2314 6
325 2273 349 2313 1.
393 2274 444 2312 21
490 2283 587 2313 NON
619 2284 785 2313 STATIM
819 2283 1048 2313 CONFESSO
1081 2283 1139 2312 Eo
1176 2282 1342 2311 NOMEN
1380 2282 1644 2312 HOMICIDAE
1666 2292 1711 2323 30

86 2354 176 2383 VEL
190 2354 447 2384 SACRILEGI.
461 2377 467 2383 .
480 2354 723 2384 .CONTENTI
739 2354 850 2383 SITIS
866 2354 928 2383 AD
946 2353 1355 2383 PRONVNTIANDVM
1370 2348 1448 2383 Ces».
1487 2341 1645 2383 Tabian

88 2412 140 2453 27
172 2427 232 2468 pr.
264 2428 303 2468 p.
340 2414 442 2454 164³
484 2413 577 2457 πῶς
611 2411 696 2466 γὰρ
736 2413 814 2454 οὐκ
851 2411 1020 2453 ἄτοπον
1058 2412 1133 2453 τὸν
1170 2412 1249 2463 μὲν
1280 2410 1455 2465 λῃστὴν
1491 2410 1562 2454 διὰ
1595 2411 1646 2454 τὸ

88 2482 550 2536 ἐπικατηγορούμενον
586 2482 722 2532 ὄνομα
755 2481 815 2535 μὴ
855 2482 1072 2534 κολάζειν,
1107 2481 1213 2537 πρὶν
1251 2481 1302 2523 ἂν
1345 2480 1535 2532 τάληθὲς
1578 2480 1646 2523 ἐπ’

87 2549 296 2610 ἀκριβείᾳ
325 2551 691 2605 καταμανθάνειν,
714 2552 827 2605 ἡμᾶς
857 2551 902 2593 δὲ
931 2550 1220 2605 προλήμματι
1249 2550 1474 2606 λοιδορίας
1504 2552 1646 2605 ἀνεξε-

89 2620 242 2675 τάστῳ
270 2620 586 2674 μεμισηκέναι;
622 2620 740 2661 Lact.
764 2632 794 2660 V
819 2623 839 2660 1
870 2618 889 2676 ᾖ
911 2622 935 2660 2
963 2620 1014 2661 ab
1037 2620 1109 2661 hoc
1132 2619 1253 2661 <the
1280 2634 1424 2675 pagan
1450 2620 1646 2662 reader>
1667 2638 1711 2669 35

88 2695 230 2731 tamen
261 2690 299 2730 si
316 2690 421 2744 fieri
439 2695 576 2744 potest
601 2688 885 2730 lzmncmitatis
915 2689 1012 2730 ‘iure
1037 2688 1317 2743 postulamus,
1348 2694 1392 2730 ut
1416 2704 1499 2730 non
1518 2689 1647 2744 prius

89 2759 261 2800 damnet
282 2774 411 2813 quam
432 2759 637 2799 uniuersa
654 2758 905 2812 coynouerit.
967 2772 1069 2798 ozam
1091 2757 1129 2797 si
1151 2756 1418 2812 sacrilegis
1440 2763 1478 2798 et
1492 2758 1645 2812 prodi-

72 2827 248 2869 'toribus
262 2833 299 2869 et
320 2828 517 2883 ueneficis
528 2833 717 2882 potestas
734 2826 993 2881 defendendi
1008 2826 1078 2867 sui
1094 2826 1227 2868 datur
1242 2841 1313 2868 ‘nec
1329 2827 1649 2881 praedavmarz‘
