1975 3306
101 108 104 111 ’
160 143 201 184 p.
228 130 282 170 70
304 128 331 170 1.
359 129 431 181 12]
677 126 1124 169 APOLOGETICVS
1158 129 1209 167 21
1642 126 1724 167 295

161 243 278 285 Here
310 244 396 285 and
429 244 495 286 De
530 243 671 287 Carne
705 244 871 287 Christi
906 247 942 286 5.
972 247 1038 293 18,
1070 243 1183 285 Adu.
1217 243 1339 284 Prax.
1374 242 1427 284 27
1461 258 1517 284 no
1549 256 1725 298 express

159 314 356 356 mention
379 315 426 356 of
443 314 627 357 Christ's
650 315 814 356 human
839 315 933 357 soul
956 314 1148 371 (Ziegler
1169 314 1377 355 Irenaeus
1401 315 1485 354 244
1507 328 1547 354 n.
1569 314 1625 366 1),
1642 312 1724 354 but

159 385 404 434 elsewhere,
427 400 503 441 eg.
532 385 646 440 [adu.
671 386 793 427 Prax.
818 387 873 427 30
896 385 947 426 A.
972 385 1052 439 SM]

247 471 286 512 p.
311 456 366 497 70
389 456 412 497 l.
437 458 461 497 5
486 467 718 498 DELAPSVS
742 456 870 513 Cypr.
889 455 956 497 De
979 455 1133 496 Idolor.
1150 455 1257 496 Van.
1278 456 1329 495 11
1354 454 1422 496 hic
1443 454 1489 495 in
1510 453 1723 509 uirgyinem

159 525 385 575 delabitur,
418 541 592 568 carnem
623 525 818 581 Spiritus
848 526 1032 567 Sanctus
1062 525 1271 575 induitur,
1294 524 1411 565 Deus
1439 538 1533 564 cuni
1559 523 1724 564 homine
1744 537 1764 569 5

160 596 368 645 miscetur,
401 596 468 638 liic
500 595 615 638 Deus
647 602 796 646 noster,
828 595 896 637 lais
933 595 1123 636 Christus
1153 600 1220 636 est.

246 679 285 721 p.
310 664 364 707 70
387 665 411 707 l.
436 667 460 708 6
484 677 661 707 MIXTVS
686 665 837 721 Pusey.
881 664 994 721 Aug.
1019 664 1096 720 Ep.
1117 663 1199 705 137
1223 661 1242 720 ἓ
1265 665 1316 704 11
1342 662 1628 719 throughout,
1646 676 1721 718 eg.

161 750 259 777 nam
290 735 330 777 si
362 736 512 777 anima
540 736 583 777 in
614 751 694 777 sua
722 741 884 777 natura
912 750 994 777 non
1014 735 1226 790 fallatur,
1247 734 1544 789 incorpoream
1571 747 1614 774 se
1639 747 1724 774 esse

158 807 497 862 comprehendit:
543 807 672 848 multo
710 807 851 862 niayis
887 806 1184 861 incorporeum
1226 810 1285 846 est
1323 804 1508 846 Verbum
1541 803 1634 852 Dei,
1672 817 1722 844 ac

151 892 234 933 per
264 877 339 920 hoc
380 877 506 919 Verbi
540 878 619 920 Dei
650 884 687 920 et
715 878 890 919 animae
921 876 1169 919 credibilior
1197 875 1337 918 debuit
1368 889 1452 916 esse
1476 872 1721 929 permioetiQ
1742 892 1784 914 10

158 963 288 1004 quam
320 949 492 990 animae
523 954 561 990 et
591 948 793 1003 corporis.

246 1033 285 1073 p.
311 1016 365 1059 70
387 1018 411 1059 l.
436 1020 461 1059 8
485 1029 683 1059 INTERIM
702 1016 1034 1073 ‘provisionally
1050 1015 1058 1029 '
1081 1016 1130 1057 cf.
1155 1017 1180 1056 8
1203 1030 1264 1071 pr.

247 1100 417 1130 SIMILIS
439 1099 520 1130 EST
546 1100 736 1130 VESTRIS
763 1087 923 1129 Tatian
947 1089 999 1128 21
1032 1102 1071 1143 Ρ.
1097 1084 1219 1128 1590d
1243 1085 1293 1128 οὐ
1322 1084 1408 1142 «γὰρ
1429 1083 1718 1141 μωραίνομεν,

159 1156 308 1211 ἄνδρες
337 1157 572 1208 ’Ἕλληνες
610 1156 710 1200 ου’δὲ
743 1157 906 1213 λήρους
944 1155 1306 1210 ἀπαγγέλλομεν,
1342 1154 1442 1197 θεὸν
1473 1154 1519 1196 ἐν
1552 1152 1717 1210 ἀνθρώ-

158 1247 246 1271 που
277 1231 427 1286 Ιμορφῇ
457 1228 688 1282 γεγονέναι
722 1226 1327 1282 καταγγέλλοντες...διόπερ
1359 1222 1719 1275 ἀποβλέψαντες
1740 1245 1782 1277 15

158 1299 269 1356 ’πρὸς
315 1298 368 1342 τὰ
423 1300 562 1342 οἰκεῖα,
611 1298 1049 1354 (ἶπομνημονεύματα
1092 1297 1174 1339 κᾶν
1218 1297 1274 1342 ὡς
1321 1294 1480 1350 ὁμοίως
1525 1296 1717 1347 μυθολο-

159 1373 349 1424 γοῦντας
384 1369 676 1424 ἀποδέξασθε.
741 1369 859 1425 Orig.
895 1375 1029 1410 contr.
1066 1368 1177 1411 Cels.
1210 1379 1226 1408 Ι
1265 1366 1318 1409 37
1354 1368 1422 1421 (el.
1456 1367 1571 1409 Tert.
1605 1366 1716 1408 Adu.

159 1441 330 1482 Valent.
371 1442 436 1482 10.
499 1440 692 1497 Spencer
727 1439 781 1480 ad
816 1440 840 1481 l.
878 1439 932 1492 e.)
965 1453 1186 1494 compares
1220 1438 1296 1479 the
1333 1436 1719 1493 parthenogenesis

158 1511 205 1552 of
227 1511 434 1560 vultures,
457 1510 543 1552 and
566 1510 642 1552 the
669 1509 812 1566 virgin
836 1509 1008 1551 mother
1029 1509 1076 1550 of
1100 1509 1235 1550 Plato.
1295 1508 1452 1549 Iusbin.
1476 1507 1600 1564 Apol.
1624 1519 1639 1548 Ι
1664 1509 1715 1548 21

157 1582 219 1638 τῷ
248 1580 292 1624 δὲ
322 1581 398 1624 τὸν
427 1580 589 1635 Λόγον,
612 1581 636 1624 ὅ
664 1582 763 1624 ἐστι
792 1583 971 1638 πρῶτον
999 1578 1195 1634 γέννημα
1226 1582 1305 1621 τοῦ
1336 1579 1463 1629 Ceos),
1487 1577 1591 1620 ἄνευ
1623 1577 1718 1620 ἐπι-
1738 1598 1782 1620 20

156 1651 305 1705 μιξίας·
335 1651 528 1707 φάσκειν
561 1652 675 1705 ἡμᾶς
704 1651 1001 1706 γεγεννῆσθαι
1030 1649 1210 1700 Ἰησοῦν
1236 1647 1563 1704 Χριστόν,...ου’
1595 1646 1718 1704 παρὰ

158 1721 260 1768 τοὺς
296 1722 403 1778 παρ’
442 1723 545 1777 ὑμῖν
578 1721 844 1777 λεγομένους
880 1721 999 1768 υἱοὺς
1038 1723 1098 1777 τῷ
1136 1719 1209 1764 Διὶ
1247 1719 1399 1762 καινόν
1435 1737 1479 1761 τι
1514 1719 1715 1775 φέρομεν.

156 1792 204 1833 cf.
240 1794 305 1834 54.

245 1878 284 1919 p.
319 1862 373 1905 70
402 1863 426 1905 l.
451 1865 475 1906 9
508 1875 589 1912 QVI
624 1874 770 1904 PENES
799 1875 885 1904 vos
918 1864 967 1904 cf.
1001 1878 1034 1905 c.
1069 1864 1135 1903 22.
1166 1861 1220 1904 47
1254 1876 1293 1917 p.
1323 1860 1457 1902 1341.
1490 1861 1543 1901 10
1575 1860 1718 1902 omnia

157 1934 365 1976 aduersus
387 1935 611 1976 ueritatem
639 1935 690 1976 de
717 1935 814 1990 ipsa
843 1934 1023 1976 ueritate
1051 1938 1290 1975 constructa
1318 1937 1425 1981 sunt,
1448 1930 1718 1987 operantibus
1738 1946 1755 1967 2
1761 1946 1781 1977 5

157 2004 485 2045 aemulationem
515 2005 642 2045 istam
676 2003 900 2060 spiritibus
932 2003 1104 2045 erroris.

244 2088 283 2129 p.
308 2072 408 2114 701.
434 2075 488 2114 10
520 2084 1046 2114 PRAEMINISTRAVERINT
1077 2072 1145 2114 De
1175 2071 1319 2113 Anim.
1351 2073 1405 2113 58
1435 2085 1473 2126 p.
1498 2071 1583 2111 394
1612 2069 1635 2110 l.
1661 2071 1714 2110 22

159 2143 284 2185 Wiss.
333 2144 445 2185 Adu.
469 2144 599 2186 Marc.
630 2156 680 2186 IV
704 2147 758 2186 14
787 2160 826 2201 p.
857 2146 939 2186 461
965 2145 990 2185 l.
1020 2146 1072 2185 15
1097 2143 1173 2185 Kr.
1226 2155 1257 2183 V
1281 2144 1305 2185 6
1328 2157 1366 2198 p.
1398 2143 1481 2183 589
1505 2141 1529 2181 l.
1562 2142 1616 2181 10
1639 2139 1714 2180 Kr.

160 2214 213 2253 18
236 2227 275 2268 p.
295 2214 376 2254 641
402 2212 426 2253 l.
446 2215 501 2253 14
524 2212 600 2254 Kr.
652 2213 723 2255 Ad
743 2219 832 2255 nat.
856 2225 872 2253 Ι
897 2212 919 2254 7
943 2228 982 2269 p.
1002 2212 1057 2254 70
1086 2212 1110 2253 l.
1131 2214 1182 2252 11
1215 2211 1341 2252 Wiss.
1384 2222 1419 2251 ΙΙ
1450 2212 1475 2251 3
1500 2224 1539 2265 p.
1564 2210 1618 2250 98
1641 2209 1666 2249 l.
1690 2210 1715 2249 8

159 2282 285 2324 VViss.
329 2283 399 2324 Ad
420 2283 549 2325 onr.
569 2295 584 2324 Ι
608 2286 632 2324 2
656 2284 681 2325 f.
724 2283 791 2325 De
815 2283 982 2325 Paenit.
1007 2285 1030 2324 2
1049 2298 1103 2324 m.
1146 2282 1213 2323 De
1231 2282 1356 2337 Bapts.
1377 2282 1431 2322 10
1452 2295 1491 2336 p.
1511 2281 1593 2321 209
1617 2279 1642 2319 1.
1664 2281 1712 2319 11
1735 2293 1779 2323 30

160 2351 284 2393 Wiss.
308 2351 491 2405 (Oehler
512 2351 630 2406 ind).
687 2352 818 2409 Apul.
842 2353 945 2394 Met.
970 2364 985 2393 Ι
1010 2351 1045 2393 7.
1089 2363 1124 2392 ΙΙ
1149 2353 1213 2392 11.
1271 2362 1321 2391 VI
1346 2352 1398 2392 15
1422 2350 1447 2391 f.
1472 2350 1525 2390 26
1548 2349 1606 2404 (Ρ.
1630 2350 1713 2389 325

159 2421 300 2472 Price)
323 2433 391 2461 VII
416 2423 481 2462 11.

247 2506 286 2547 p.
321 2490 375 2533 70
397 2492 421 2532 l.
447 2494 497 2532 11
533 2491 645 2532 Adu.
669 2491 764 2533 Iud.
790 2491 812 2533 7
836 2507 874 2547 p.
901 2491 984 2533 713
1008 2494 1032 2533 5
1055 2497 1281 2533 uenturum
1304 2490 1416 2531 enim
1441 2488 1655 2530 Christum
1678 2494 1716 2530 et

159 2561 345 2603 Iudaeos
366 2576 449 2602 non
477 2560 669 2616 refutare
696 2561 866 2610 seimus,
886 2567 1027 2616 ‘utpote
1056 2561 1129 2616 qui
1156 2561 1203 2601 in
1231 2560 1463 2601 aduentum
1490 2559 1578 2601 eius
1599 2574 1714 2614 spem

158 2645 283 2670 suam
308 2630 550 2684 porrigyant.
613 2629 741 2686 Cypr.
774 2630 841 2671 De
874 2630 1028 2671 Idolor.
1052 2630 1160 2670 Van.
1193 2631 1246 2669 12
1278 2628 1461 2670 sciebant
1492 2634 1529 2669 et
1557 2627 1715 2669 Iudaei
1733 2638 1776 2670 35

162 2699 377 2741 Christum
403 2714 486 2741 esse
516 2705 752 2747 uenturum,
776 2714 878 2740 nani
906 2699 973 2741 liic
994 2699 1086 2740 illis
1108 2713 1270 2754 semper
1295 2698 1518 2754 prophetis
1545 2712 1712 2739 monen—

160 2768 268 2810 tibus
299 2768 649 2833 adnuntiabatur.
712 2769 836 2824 Kaye
870 2771 964 2810 203.

247 2852 285 2893 p.
312 2836 365 2878 70
397 2838 421 2878 l.
446 2839 499 2878 12
532 2838 644 2879 Adu.
668 2837 762 2879 Iud.
789 2838 811 2878 7
835 2838 921 2878 and
945 2839 1009 2879 14.
