1975 3306
218 183 241 224 7
246 183 270 224 8
793 180 1198 222 TERTVLLIANI

217 298 419 340 Ceterum
446 296 714 339 testudinem
741 295 925 350 decoqui
952 309 1051 337 cum
1078 296 1282 338 carnibus
1308 297 1486 352 pecudis
1512 297 1701 353 Pythius
1726 312 1776 340 eo

217 385 348 427 modo
372 383 646 426 renuntiauit
671 397 757 438 quo
782 397 914 438 supra
939 383 1153 434 diximus3
1195 389 1420 426 momento
1445 384 1565 440 apud
1589 384 1776 440 Lydiam

217 472 374 513 fuerat.
436 470 619 511 Habent
646 469 700 510 de
727 469 923 511 incolatu
951 470 1061 511 aeris
1090 475 1134 512 et
1162 470 1216 511 de
1244 470 1403 512 uicinia
1432 470 1622 512 siderum
1650 477 1696 513 et
1723 471 1777 513 de

218 557 476 600 commercio
509 556 694 598 nubium
728 556 935 598 caelestes
967 571 1118 611 sapere
1150 562 1395 612 paraturas,
1430 562 1481 599 ut
1514 563 1558 599 et
1590 557 1775 613 pluuias,

217 659 326 699 quas
348 644 436 685 iam
459 643 670 693 sentiunt,
695 643 1022 697 repromittant.
1084 643 1274 685 Benefici
1298 644 1427 699 plane
1450 649 1494 686 et
1516 644 1629 686 circa
1652 659 1778 686 curas
1795 657 1816 690 5

216 730 526 772 ualitudinum.
588 729 793 770 Laedunt
809 729 925 770 enim
943 730 1097 784 primo,
1119 729 1276 771 dehinc
1293 730 1484 772 remedia
1502 731 1778 786 praecipiunt

216 817 271 858 ad
290 817 548 858 miraculum
564 830 682 857 noua
699 816 790 857 siue
807 816 1040 866 contraria,
1059 821 1161 871 post
1177 830 1291 871 quae
1308 816 1516 858 desinunt
1530 817 1713 868 laedere,
1733 822 1778 858 et

217 918 389 945 curasse
409 903 661 945 creduntur.
724 902 839 953 Quid
860 917 959 959 ergo
981 903 1034 944 de
1055 904 1209 945 ceteris
1228 904 1411 959 ingeniis
1431 904 1500 946 uel
1522 905 1655 946 etiam
1676 905 1775 946 uiri-

215 991 298 1033 bus
328 990 526 1032 fallaciae
556 990 764 1045 spiritalis
795 990 1056 1031 edisseram?
1107 990 1424 1045 phantasmata
1454 990 1698 1042 Castorum,
1732 997 1777 1033 et

215 1092 377 1133 aquam
397 1076 537 1118 cribro
555 1081 789 1132 gestatam,
810 1081 855 1118 et
872 1091 1033 1118 nauem
1052 1077 1223 1132 cingulo
1243 1083 1506 1132 promotam,
1528 1083 1573 1119 et
1589 1077 1774 1120 barbam
1797 1094 1841 1117 10

215 1170 340 1207 tactu
364 1163 619 1214 inrufatam,
646 1169 698 1205 ut
721 1163 904 1205 numina
928 1163 1095 1218 lapides
1120 1163 1411 1213 crederentur,
1439 1169 1490 1205 ut
1514 1164 1621 1205 deus
1645 1178 1775 1206 uerus

216 1266 305 1293 non
326 1252 635 1306 quaereretur?
650 1286 659 1302 χ

298 1401 373 1443 23.
432 1402 580 1452 Porro,
611 1401 647 1443 si
677 1406 722 1443 et
749 1401 865 1456 magi
894 1401 1211 1456 phantasmata
1240 1401 1379 1443 edunt
1407 1406 1452 1443 et
1478 1402 1567 1443 iam
1596 1401 1773 1444 defunc-

215 1493 362 1530 torum
386 1488 608 1530 infamant
632 1487 814 1538 animas,
842 1487 877 1529 si
902 1502 1060 1543 pueros
1083 1487 1129 1529 in
1154 1487 1376 1543 eloquium
1402 1488 1564 1529 oraculi
1590 1488 1772 1538 elidunt,

215 1575 249 1617 si
278 1575 418 1617 multa
446 1574 656 1616 miracula
684 1574 968 1616 circulatoriis
996 1575 1242 1630 praestigiis
1267 1575 1440 1625 ludunt,
1471 1575 1506 1617 si
1534 1581 1579 1617 et
1605 1575 1774 1617 somnia
1796 1590 1838 1624 15

213 1662 466 1703 immittunt
483 1661 697 1703 habentes
714 1661 846 1703 semel
863 1661 1155 1703 inuitatorum
1174 1661 1427 1717 angelorum
1447 1666 1491 1703 et
1508 1661 1773 1703 daemonum

215 1748 502 1790 adsistentem
539 1747 621 1790 sibi
659 1753 940 1803 potestatem,
980 1762 1057 1803 per
1094 1762 1204 1803 quos
1242 1753 1286 1789 et
1323 1761 1480 1803 caprae
1517 1753 1562 1790 et
1598 1762 1774 1790 mensae

216 1836 413 1877 diuinare
439 1841 718 1886 consuerunt,
748 1841 916 1891 quanto
943 1835 1082 1891 magis
1108 1849 1158 1876 ea
1184 1840 1382 1890 potestas
1408 1835 1462 1876 de
1488 1849 1566 1876 suo
1593 1835 1773 1877 arbitrio

216 1928 261 1964 et
291 1938 368 1977 pro
399 1937 478 1964 suo
508 1923 684 1978 negotio
715 1922 895 1964 studeat
924 1922 1031 1964 totis
1060 1922 1228 1963 uiribus
1259 1922 1427 1976 operari
1458 1921 1577 1977 quod
1608 1921 1774 1963 alienae

215 2014 413 2063 praestat
445 2008 756 2064 negotiationi!
823 2008 915 2050 Aut
948 2008 983 2049 si
1019 2008 1170 2049 eadem
1206 2014 1250 2050 et
1284 2008 1424 2063 angeli
1460 2013 1504 2049 et
1537 2008 1772 2050 daemones
1793 2024 1838 2048 20

217 2101 455 2150 operantur
470 2110 582 2151 quae
597 2101 641 2137 et
655 2095 724 2137 dei
738 2095 886 2146 uestri,
904 2095 978 2136 ubi
995 2100 1061 2136 est
1075 2109 1174 2151 ergo
1190 2095 1495 2150 praecellentia
1510 2095 1770 2147 diuinitatis,

216 2196 349 2237 quam
374 2183 528 2238 utique
550 2182 816 2238 superiorem
840 2182 958 2224 omni
983 2187 1204 2237 potestate
1228 2181 1493 2223 credendum
1517 2183 1609 2223 est?
1672 2182 1772 2224 Non

216 2283 314 2324 ergo
346 2269 518 2325 dignius
547 2274 851 2324 praesumetur
880 2269 997 2324 ipsos
1028 2283 1118 2310 esse
1148 2268 1223 2323 qui
1253 2283 1297 2310 se
1327 2268 1431 2310 deos
1461 2268 1638 2318 faciant,
1672 2282 1770 2310 cum

215 2355 367 2396 eadem
401 2355 536 2397 edant
567 2369 679 2410 quae
711 2355 878 2396 faciant
909 2355 1013 2396 deos
1045 2355 1173 2405 credi,
1209 2369 1342 2410 quam
1375 2369 1500 2410 pares
1532 2355 1695 2410 angelis
1727 2360 1772 2396 et

214 2441 502 2483 daemonibus
557 2442 661 2483 deos
717 2442 834 2483 esse?
897 2441 1112 2483 Locorum
1169 2441 1415 2482 differentia
1471 2440 1767 2496 distinguitur,
1790 2459 1834 2492 25

215 2528 381 2583 opinor,
403 2534 455 2570 ut
475 2543 499 2569 a
520 2529 695 2584 templis
715 2528 819 2570 deos
839 2528 1098 2570 existimetis
1119 2543 1228 2583 quos
1248 2527 1351 2569 alibi
1371 2528 1474 2569 deos
1493 2542 1581 2569 non
1602 2527 1767 2577 dicitis3

214 2620 266 2656 ut
295 2614 420 2655 aliter
450 2615 690 2656 dementire
719 2614 923 2656 uideatur
953 2615 1027 2669 qui
1057 2629 1201 2656 sacras
1231 2620 1371 2656 turres
1400 2614 1612 2669 peruolat,
1645 2615 1770 2656 aliter
1799 2672 1801 2674 q

215 2700 288 2756 qui
320 2705 438 2742 tecta
467 2700 652 2741 uiciniae
682 2701 885 2751 transilit,
919 2706 963 2742 et
992 2701 1076 2742 alia
1105 2701 1173 2742 uis
1202 2700 1510 2755 pronuntietur
1539 2700 1583 2741 in
1614 2715 1663 2742 eo
1694 2701 1768 2755 qui

213 2787 421 2842 genitalia
453 2786 522 2827 uel
554 2787 752 2838 lacertos,
788 2787 873 2828 alia
906 2787 980 2842 qui
1013 2786 1094 2828 sibi
1127 2786 1274 2842 gulam
1308 2791 1520 2841 prosecat.
1581 2785 1769 2842 Compar

215 2874 358 2915 exitus
398 2873 554 2915 furoris
595 2878 639 2914 et
678 2887 766 2915 una
806 2873 918 2915 ratio
959 2878 1025 2915 est
1064 2873 1370 2929 instigationis.
1432 2872 1516 2914 Sed
1556 2872 1768 2915 hactenus
1788 2890 1834 2923 30
