1975 3306
269 209 353 248 346
845 205 1251 247 TERTVLLIANI
1509 206 1569 262 [p.
1596 205 1698 248 941.
1725 207 1835 247 26-

273 323 325 364 ab
351 323 439 364 illis
461 323 545 365 coli
565 322 695 364 debes.
757 322 817 364 sic
840 322 939 363 illos
962 321 1097 363 laesos
1122 321 1223 363 ultio
1244 328 1389 364 uestra
1410 321 1611 378 defendit,
1634 320 1836 376 quomodo

271 400 308 435 et
337 393 502 435 clausos
529 408 579 435 ne
604 400 786 449 pereant
808 392 941 434 tutela
964 398 1106 433 uestra
1129 392 1317 434 custodit.
1374 392 1539 447 pudeat
1560 398 1597 433 te
1620 407 1684 433 eos
1706 391 1838 433 colere

272 479 373 519 quos
395 464 486 518 ipse
507 463 714 519 defendis,
742 462 908 518 pudeat
931 462 1111 504 tutelam
1140 462 1191 504 de
1220 463 1278 503 eis
1300 477 1475 517 sperare
1504 477 1605 517 quos
1626 468 1671 503 tu¹
1693 461 1835 503 tueris.

272 534 469 575 Ambros.
502 534 569 575 De
593 533 798 589 Virginit.
824 545 857 574 II
883 536 907 575 5
934 531 973 589 ἐξ
996 532 1151 574 36—7.
1216 532 1330 574 Lact.
1364 532 1464 573 Diu.
1495 533 1625 574 Instt.
1653 543 1687 572 ΙΙ
1710 533 1737 572 4
1758 531 1777 588 ξ
1800 533 1836 574 5.

232 621 251 652 5
273 616 303 644 V
328 607 382 646 20
413 602 432 661 ἓ
454 606 490 646 3.
555 603 736 645 Aristid.
761 603 885 660 Apol.
911 605 946 645 3.
1009 602 1166 644 Iustin.
1190 603 1313 658 Apol.
1343 614 1357 643 Ι
1382 604 1406 644 9
1434 618 1471 658 p.
1497 605 1580 644 582.
1644 601 1836 656 [Melito]

274 674 397 730 Apol.
436 676 499 715 10.
564 674 640 730 Ep.
680 673 884 729 Diognet.
923 674 946 714 2
985 687 1021 728 p.
1061 674 1172 714 495⁶.
1237 687 1348 714 omn.
1387 671 1537 728 Chrys.
1574 683 1607 713 11
1645 671 1747 713 547⁸
1779 687 1838 727 sq.

275 745 514 787 Hennecke
538 744 718 786 Aristid.
743 744 829 786 ind.
854 743 1004 799 τηρέω.
1069 744 1312 785 Mommsen
1336 743 1579 785 Strafrecht
1603 745 1684 785 311
1714 745 1748 784 1.

361 826 600 856 MATERIAE
623 822 702 856 cet.
727 830 758 856 c.
786 817 838 855 12
862 815 887 855 f.
910 815 956 855 in
978 814 1156 856 metalla
1179 813 1453 855 damnamur.
1501 814 1599 855 inde
1622 819 1839 856 censentur

274 887 321 928 (li
343 887 486 928 uestri.
550 885 602 927 27
627 888 686 942 (p.
711 887 764 928 92
789 886 812 927 l.
837 888 892 927 30
916 887 985 934 n.).

210 974 254 997 10
362 971 400 1012 p.
435 958 490 997 94
524 955 547 997 l.
584 958 637 997 28
674 967 851 997 IRATVM
886 955 1021 1011 Bayle
1055 970 1224 996 oeuvres
1259 966 1312 995 ΙΙΙ
1347 957 1412 996 85.
1488 954 1587 996 Sen.
1620 954 1686 995 De
1720 954 1791 995 Ira
1824 965 1837 994 Ι

276 1028 330 1068 20
352 1024 372 1083 ξ
394 1028 430 1067 8.

363 1112 401 1152 p.
427 1098 482 1138 94
505 1097 529 1138 l.
554 1098 607 1138 29
633 1108 767 1138 FACIT
789 1111 821 1137 c.
846 1098 900 1137 23
924 1111 962 1152 p.
987 1097 1043 1137 80
1066 1095 1090 1137 l.
1116 1097 1180 1136 22.

365 1178 618 1207 PROPITIVM
651 1169 674 1208 5
699 1181 759 1222 pr.
784 1166 903 1222 facit
926 1172 963 1208 et
985 1166 1058 1207 hoc
1082 1165 1139 1206 acl
1162 1180 1337 1207 causam
1362 1171 1561 1215 nostram,
1584 1165 1694 1220 quod
1723 1165 1841 1220 apud

281 1251 351 1277 uos
373 1236 424 1278 de
450 1237 636 1278 humano
659 1237 874 1278 arbitratu
898 1236 1112 1277 diuinitas
1134 1236 1388 1291 pensitatur.
1452 1236 1537 1277 nisi
1557 1236 1720 1276 homini
1742 1236 1843 1277 deus

215 1323 255 1354 15
276 1306 501 1361 placuerit,
535 1307 638 1348 deus
671 1322 753 1348 non
784 1308 866 1348 erit
882 1321 895 1356 ,·
932 1306 1053 1347 hoino
1086 1305 1176 1346 iam
1208 1304 1283 1346 (leo
1311 1305 1527 1360 propitius
1558 1320 1642 1347 esse
1674 1304 1841 1347 debebit.

279 1376 427 1418 Ainbr.
462 1377 516 1418 ad
546 1376 841 1418 Valentinian.
876 1376 973 1417 adu.
1007 1375 1171 1432 Symm.
1205 1375 1260 1429 [=
1279 1375 1403 1431 epist.
1437 1378 1489 1417 18
1513 1375 1564 1416 A.
1580 1375 1643 1430 S]
1671 1375 1690 1431 ξ
1719 1378 1744 1414 8
1771 1390 1843 1417 uos

273 1462 427 1502 paceni
448 1447 516 1489 dis
544 1448 698 1489 nestris
724 1447 775 1488 ab
804 1446 1136 1502 imperatoribus
1166 1445 1401 1494 obsecratis,
1423 1461 1498 1487 nos
1520 1446 1627 1501 ipsis
1655 1447 1842 1501 impera-

279 1518 438 1560 toribus
461 1534 487 1559 a
512 1518 679 1560 Christo
696 1530 850 1574 paceni
873 1533 1084 1572 royani‘us.

369 1603 406 1644 p.
441 1590 494 1630 96
530 1589 552 1630 l.
589 1590 614 1629 3
654 1599 911 1629 PLVMBATIS
943 1603 975 1628 c.
1012 1589 1064 1627 12
1103 1602 1140 1642 p.
1176 1590 1231 1627 44
1269 1586 1292 1627 l.
1328 1589 1377 1627 11
1419 1593 1516 1628 ante
1547 1587 1771 1642 plumbum
1808 1594 1845 1629 et

217 1675 261 1697 20
278 1657 494 1712 ylatinum
517 1664 555 1699 et
585 1658 788 1713 gyonipleos
810 1659 900 1699 sine
923 1657 1060 1712 capite
1081 1662 1179 1698 sunt
1208 1657 1255 1697 a⁷i
1285 1657 1422 1698 uestri.
1486 1671 1517 1697 c.
1542 1658 1596 1697 42
1621 1657 1645 1697 f.
1668 1657 1846 1712 denique

275 1729 478 1783 porriyat
500 1744 677 1770 manum
701 1729 904 1783 Iuppiter
926 1734 963 1769 et
986 1728 1181 1782 accipiat.

921 1887 1026 1930 CAP.
1074 1887 1201 1928 XXX

373 2020 409 2060 p.
442 2006 495 2046 96
530 2005 553 2046 l.
585 2005 606 2046 ’7
643 2006 691 2046 cf.
725 2005 809 2046 end
842 2005 888 2045 of
914 2005 1104 2060 chapter.
1167 2020 1199 2045 c.
1233 2007 1284 2045 19
1315 2003 1439 2045 Fuld.
1469 2020 1506 2060 p.
1539 2007 1604 2046 62.
1635 2020 1666 2045 c.
1698 2006 1752 2046 39
1783 2020 1844 2060 pr.

285 2090 458 2117 oranius
499 2075 628 2116 etiani
673 2091 756 2130 pro
798 2075 1141 2130 imperatoribus,
1192 2090 1271 2129 pro
1314 2075 1565 2116 ¹ministeriis
1606 2090 1749 2116 eorum
1800 2089 1849 2117 ac

279 2144 565 2200 potestatibus.
618 2144 686 2185 Ad
712 2144 834 2200 Scap.
855 2147 878 2184 2
899 2160 952 2186 in.
977 2144 1247 2186 Christianus
1271 2159 1292 2184 n
1302 2144 1431 2184 ar'lius
1452 2150 1510 2186 est
1531 2144 1673 2192 hostis,
1695 2144 1849 2186 nedum

222 2229 265 2260 25
289 2216 570 2270 imperatoris,
603 2231 723 2271 (lacni
760 2217 894 2257 sciens
931 2232 957 2256 a
994 2215 1068 2256 deo
1105 2231 1178 2256 suo
1217 2215 1415 2256 constitui
1454 2230 1608 2256 necesse
1646 2221 1704 2256 est
1740 2221 1781 2256 nt
1812 2220 1850 2256 et

289 2287 428 2340 ipsum
457 2286 613 2340 diligyat
642 2293 678 2328 et
709 2293 956 2328 reuereatur
984 2292 1021 2328 et
1053 2286 1224 2327 honoret
1254 2291 1291 2327 et
1319 2285 1489 2326 saluum,
1518 2285 1619 2326 ‘uelit
1645 2300 1740 2326 cuni
1769 2290 1850 2326 toto

288 2356 483 2398 Romano
506 2357 890 2412 imperio...itaque
916 2363 953 2398 et
981 2356 1276 2411 sacrificamus
1302 2371 1385 2410 pro
1408 2355 1544 2396 salute
1566 2355 1853 2409 imperatoris,

286 2427 358 2468 secl
400 2427 474 2469 (leo
516 2434 657 2469 nostro
699 2434 736 2469 et
777 2428 926 2482 ipsius,
968 2426 1040 2468 sed,
1082 2426 1286 2482 quomodo
1324 2425 1543 2481 praecepit
1584 2425 1697 2471 deus,
1733 2440 1852 2480 pura

282 2497 531 2551 prece...ita
558 2512 632 2538 nos
658 2497 799 2552 niayis
826 2512 998 2538 oramus
1025 2511 1108 2551 pro
1137 2496 1276 2536 salute
1305 2495 1591 2549 ineperatw'i.s·‚
1614 2494 1665 2535 ab
1692 2510 1735 2536 eo
1759 2509 1853 2536 eant

225 2584 269 2616 30
282 2567 558 2620 postulantes,
590 2569 664 2621 qui
696 2572 918 2621 praestare
950 2571 1096 2621 potest.
1161 2564 1288 2620 Cypr.
1333 2565 1386 2605 ad
1431 2564 1698 2606 Deinetrian.
1739 2566 1793 2605 20
1827 2565 1852 2607 f.

283 2651 367 2691 pro
394 2651 503 2691 pace
523 2651 573 2678 ac
601 2637 739 2678 salute
764 2642 907 2678 uestra
932 2636 1218 2691 propitiantes
1246 2641 1284 2676 et
1311 2635 1535 2690 placantes
1562 2635 1686 2676 deum
1711 2634 1854 2676 diebus

290 2720 340 2747 ac
383 2706 579 2748 noctibus.
652 2706 756 2746 Arn.
800 2717 848 2746 Iv
893 2708 946 2746 :36
982 2706 1006 2746 f.
1052 2705 1240 2746 heathen
1286 2719 1461 2760 praycrs
1504 2705 1567 2745 for
1608 2704 1683 2745 the
1727 2710 1852 2745 state.

291 2775 476 2816 Lasaulx
502 2776 691 2817 Studien
714 2778 795 2816 152
816 2791 854 2816 n.
875 2778 940 2816 85.
985 2775 1111 2815 Mart.
1132 2786 1198 2814 VII
1219 2776 1272 2816 59
1296 2774 1340 2814 in
1365 2774 1477 2815 Hau.
1497 2773 1646 2829 Chrys.
1667 2785 1714 2814 xl
1740 2773 1853 2815 579³.

292 2845 511 2901 Binghani
535 2858 623 2886 XIII
649 2848 702 2887 10
726 2849 763 2887 5.
807 2845 1008 2887 Galerius
1030 2856 1115 2885 A.D.
1140 2847 1221 2885 311
1252 2844 1383 2885 asked
1416 2845 1479 2885 for
1507 2844 1583 2885 the
1612 2859 1787 2899 prayers
1813 2844 1861 2885 of

230 2930 272 2962 35
294 2915 368 2956 the
404 2914 578 2956 Church
617 2916 700 2956 and
734 2931 843 2971 gave
876 2915 1137 2970 indulgence
1171 2915 1233 2955 for
1265 2913 1522 2962 Christians,
1548 2928 1601 2954 on
1634 2913 1855 2955 condition
