1975 3306
226 189 279 229 26
806 189 1212 231 TERTVLLIANI

225 304 451 346 homines?
515 304 558 346 Si
603 319 774 360 semper
817 305 1020 356 latemus,
1068 305 1246 360 quando
1291 305 1517 360 proditum
1563 311 1630 347 est
1674 305 1793 360 quod

225 390 532 432 admittimus?
577 390 713 432 immo
739 406 764 432 a
791 391 951 446 quibus
973 391 1098 446 prodi
1119 392 1294 447 potuit?
1358 392 1426 434 Ab
1448 392 1552 447 ipsis
1575 392 1689 433 enim
1712 391 1794 433 reis

224 491 313 517 non
342 477 508 531 utique,
540 491 639 518 cum
668 477 737 518 uel
766 492 819 518 ex
847 477 989 519 forma
1017 478 1221 519 omnibus
1249 478 1469 533 mysteriis
1497 478 1657 519 silentii
1685 477 1793 519 fides

225 563 452 605 debeatur.
515 564 818 606 Samothracia
849 570 894 606 et
922 565 1144 607 Eleusinia
1173 566 1424 616 reticentur,
1457 571 1625 621 quanto
1654 565 1792 620 magis

225 650 332 691 talia
365 665 478 705 quae
510 651 686 706 prodita
716 651 893 693 interim
926 652 1060 693 etiam
1093 652 1334 694 humanam
1366 652 1790 694 animaduersionem
1814 669 1836 700 5

224 737 546 792 prouocabunt,
583 738 689 779 dum
723 738 874 780 diuina
908 741 1136 781 seruatur?
1200 739 1243 781 Si
1278 754 1377 795 ergo
1412 755 1500 781 non
1532 740 1615 794 ipsi
1648 739 1790 794 prodi-

225 829 343 865 tores
382 825 460 874 sui,
503 825 702 879 sequitur
740 830 792 867 ut
831 826 1041 868 extranei.
1104 826 1164 868 Et
1203 827 1319 868 unde
1359 827 1578 868 extraneis
1617 826 1790 867 notitia.

226 924 326 951 cum
350 925 521 966 semper
545 912 678 952 etiam
702 911 800 966 piae
823 912 1094 954 initiationes
1118 919 1298 954 arceant
1321 914 1528 968 profanos
1550 918 1596 954 et
1619 912 1793 954 arbitris

226 999 442 1039 caueant?
496 998 589 1039 Nisi
610 999 643 1039 si
663 998 786 1053 impii
807 999 952 1040 minus
972 1005 1191 1041 metuunt.
1240 1000 1412 1041 Natura
1429 1000 1573 1041 famae
1590 998 1794 1040 omnibus

224 1090 333 1126 nota
361 1091 438 1126 est.
500 1086 708 1127 Vestrum
736 1091 823 1127 est:
869 1086 1007 1128 Fama
1034 1087 1200 1128 malum
1228 1102 1315 1141 qua
1342 1101 1430 1128 non
1457 1086 1576 1128 aliud
1602 1086 1794 1127 uelocius
1818 1105 1863 1127 10

226 1171 377 1213 ullum.
440 1172 525 1213 Cur
551 1172 717 1214 malum
744 1172 891 1214 fama?
939 1174 1041 1228 quia
1069 1174 1224 1215 uelox?
1272 1174 1374 1228 quia
1401 1173 1560 1214 index?
1607 1187 1661 1214 an
1691 1172 1791 1227 quia

225 1258 464 1313 plurimum
498 1259 717 1300 mendax?
771 1275 883 1314 quae
915 1274 970 1301 ne
1003 1266 1109 1301 tunc
1144 1260 1334 1315 quidem,
1371 1275 1470 1301 cum
1504 1259 1793 1315 aliquidueri

226 1338 384 1389 adfert,
417 1340 509 1380 sine
539 1340 755 1381 mendacii
788 1340 896 1381 uitio
928 1346 1006 1390 est,
1040 1340 1288 1390 detrahens,
1322 1341 1526 1390 adiciens,
1559 1340 1795 1382 demutans

226 1420 279 1461 de
306 1421 507 1462 ueritate.
571 1421 713 1471 Quid?
749 1421 868 1476 quod
894 1436 943 1462 ea
969 1422 1029 1462 illi
1056 1421 1252 1462 condicio
1282 1427 1360 1471 est,
1390 1427 1440 1462 ut
1467 1436 1556 1462 non
1583 1421 1666 1462 nisi
1694 1435 1794 1462 cum

225 1502 440 1543 mentitur
482 1509 731 1557 perseueret
774 1509 818 1544 et
860 1503 1033 1544 tamdiu
1075 1503 1189 1544 uiuit
1232 1503 1445 1557 quamdiu
1487 1517 1575 1544 non
1618 1502 1792 1558 probat,
1820 1522 1861 1555 ¹5

225 1583 455 1638 siquidem,
490 1584 565 1625 ubi
598 1584 819 1639 probauit,
854 1590 996 1625 cessat
1029 1599 1119 1625 esse
1152 1590 1196 1625 et
1228 1584 1353 1638 quasi
1386 1584 1526 1625 officio
1558 1584 1794 1625 nuntiandi

224 1664 379 1706 functa
407 1680 498 1706 rem
527 1666 677 1716 tradit,
709 1672 754 1708 et
782 1666 938 1707 exinde
965 1681 1032 1707 res
1060 1671 1249 1716 tenetur,
1280 1680 1346 1707 res
1373 1666 1641 1707 nominatur.
1703 1665 1793 1706 Nec

226 1746 461 1800 quisquam
496 1746 604 1788 dicit
637 1747 759 1788 uerbi
793 1747 948 1802 gratia,
984 1747 1083 1788 Hoc
1118 1747 1287 1787 Romae
1321 1747 1447 1788 aiunt
1481 1746 1662 1796 factum,
1700 1752 1791 1796 aut,

225 1825 364 1867 Fama
391 1832 457 1868 est
480 1827 603 1868 illum
629 1828 902 1882 prouinciam
928 1828 1148 1877 sortitum,
1176 1827 1264 1877 sed,
1294 1827 1485 1868 Sortitus
1511 1833 1577 1868 est
1600 1828 1670 1868 ille
1696 1842 1791 1882 pro·

226 1908 430 1959 uinciam,
466 1914 522 1959 et,
557 1909 655 1950 Hoc
687 1910 856 1951 factum
892 1915 957 1951 est
989 1911 1171 1951 Romae.
1242 1910 1392 1959 Fama,
1431 1924 1591 1950 nomen
1623 1909 1792 1957 incerti,
1816 1925 1862 1947 20

224 1990 369 2031 locum
399 2006 488 2032 non
517 1992 653 2034 habet
681 1992 756 2034 ubi
787 1998 955 2034 certum
987 1998 1064 2033 est.
1127 1992 1195 2032 An
1225 2006 1328 2033 uero
1359 1992 1503 2032 famae
1533 1991 1684 2032 credat
1712 1991 1793 2032 nisi

224 2070 602 2114 inconsideratus?
667 2072 778 2122 Quia
820 2073 993 2127 sapiens
1033 2087 1121 2113 non
1163 2072 1302 2113 credit
1341 2072 1521 2113 incerto.
1586 2072 1791 2113 Omnium

227 2157 293 2192 est
317 2153 562 2203 aestimare,
590 2159 936 2208 quantacunque
958 2154 1032 2194 illa
1056 2153 1299 2194 ambitione
1324 2153 1483 2194 diffusa
1508 2154 1578 2203 sit,
1606 2158 1791 2208 quanta—

227 2247 400 2287 cunque
449 2235 773 2276 asseueratione
823 2240 1089 2284 constructa,
1142 2234 1261 2289 quod
1311 2234 1365 2275 ab
1418 2249 1504 2275 uno
1555 2234 1792 2288 aliquando

226 2315 421 2369 principe
447 2321 600 2357 exorta
627 2316 684 2358 sit
708 2331 881 2358 neccsse
908 2322 986 2358 est.
1048 2317 1221 2358 Exinde
1245 2317 1290 2357 in
1317 2317 1520 2358 traduces
1544 2316 1789 2371 linguarum
1815 2331 1858 2363 25

227 2400 272 2436 et
300 2396 472 2436 aurium
502 2397 650 2451 serpit,
683 2402 727 2438 et
755 2398 818 2438 ita
848 2398 1007 2439 modici
1037 2398 1213 2439 seminis
1243 2398 1402 2439 uitium
1434 2402 1577 2438 cetera
1606 2397 1792 2438 rumoris

227 2475 447 2527 obscurat,
482 2483 534 2518 ut
564 2492 693 2518 nemo
725 2479 949 2533 recogitet,
984 2493 1038 2519 ne
1071 2479 1261 2533 primuni
1294 2478 1401 2519 illud
1433 2493 1481 2519 os
1513 2477 1789 2519 mendacium

226 2557 521 2608 seminauerit,
544 2559 662 2613 quod
681 2574 810 2614 saepe
828 2560 880 2600 fit
897 2565 977 2601 aut
994 2560 1167 2615 ingenio
1186 2559 1493 2600 aemulationis
1512 2564 1592 2600 aut
1609 2558 1791 2600 arbitrio

226 2638 484 2692 suspicionis
519 2645 599 2680 aut
632 2655 721 2681 non
756 2655 872 2682 noua
907 2641 983 2682 sed
1017 2641 1212 2696 ingenita
1249 2640 1513 2695 quibusdam
1549 2641 1789 2682 mentiendi

227 2718 472 2772 uoluptate.
535 2719 653 2760 Bene
682 2726 831 2762 autem
863 2721 981 2775 quod
1011 2721 1157 2762 omnia
1187 2726 1363 2775 tempus
1392 2721 1570 2770 reuelat,
1603 2720 1790 2762 testibus
1814 2742 1857 2773 30

227 2799 361 2839 etiam
377 2800 534 2840 uestris
550 2801 791 2854 prouerbiis
807 2807 942 2857 atque
958 2801 1200 2851 sententiis,
1220 2816 1272 2841 ex
1289 2801 1575 2856 dispositione
1589 2807 1787 2851 naturae,

227 2894 341 2934 quae
370 2880 433 2921 ita
464 2881 698 2932 ordinauit,
732 2888 783 2924 ut
812 2883 918 2924 nihil
949 2883 1025 2924 diu
1054 2883 1205 2933 lateat,
1240 2883 1373 2924 etiam
1405 2883 1522 2938 quod
1553 2882 1671 2924 fama
1701 2897 1790 2924 non
