1975 3306
353 200 435 242 372
929 200 1337 243 TERTVLLIANI
1565 201 1624 255 [p.
1654 198 1782 241 1061.
1811 199 1922 240 18-

354 333 443 358 νειν
475 316 600 370 ἔρνγῳ,
634 315 756 357 ἀλλὰ
788 316 860 358 καὶ
893 315 1054 373 μέχρις
1087 316 1265 360 ἐννοίας.
1330 315 1447 372 Orig.
1472 315 1620 358 Contr.
1651 314 1762 358 Cels.
1785 314 1921 371 praef.⁴

352 384 410 441 §2
427 386 450 427 f.
470 385 633 442 alleges
656 386 732 427 the
752 385 950 427 virtuous
972 385 1045 427 life
1069 387 1116 427 of
1133 385 1380 428 Christians
1402 401 1448 427 as
1471 385 1587 427 their
1608 385 1706 426 best
1727 385 1916 425 defence.

440 471 479 512 p.
505 458 588 498 106
612 456 636 497 l.
662 458 715 497 19
744 467 806 496 EX
839 467 994 504 AEQUO
1022 455 1184 497 Oehler
1205 471 1260 496 on
1287 456 1341 496 a&
1370 455 1493 512 Scap.
1526 457 1550 496 2
1579 455 1720 496 where
1748 454 1802 495 he
1829 453 1918 495 also

352 526 461 567 cites
483 541 532 568 ecc
550 526 666 581 pari,
687 542 737 568 ex
758 526 939 575 diuerso,
962 541 1011 568 ex
1039 526 1278 568 abundanti
1307 526 1411 580 [and
1435 526 1578 582 might
1600 526 1709 567 have
1731 524 1848 566 cited
1869 539 1919 566 ew

312 595 489 651 §facili
541 598 590 638 A.
602 595 675 650 S.].
738 596 805 637 De
834 597 960 652 Bapn.
986 596 1037 638 17
1068 596 1136 638 bis
1163 613 1202 653 p.
1234 599 1318 638 214·
1347 597 1370 638 l.
1396 599 1449 638 29
1476 596 1600 638 Wiss.
1627 596 1684 637 ad
1710 601 1798 637 nat.
1822 606 1837 635 Ι
1863 596 1921 636 10·

352 682 391 723 p.
415 665 469 710 77
500 667 524 708 l.
550 669 601 707 11
633 666 758 707 Wiss.
822 666 893 708 Ad
916 667 995 708 Vx,
1019 678 1035 707 Ι
1064 669 1088 708 6
1111 667 1182 708 fin.
1207 668 1243 708 8.
1267 678 1302 707 ΙΙ
1333 668 1358 707 8
1380 666 1451 707 fin.
1515 665 1694 708 Sueten.
1728 665 1821 706 Tib.
1851 666 1920 705 11.

353 737 552 780 Schwarz
575 753 629 779 on
653 737 761 779 Plin.
786 738 995 794 Panegyr.
1019 740 1075 780 83
1097 736 1116 795 ξ
1138 740 1174 780 6.
1238 738 1361 780 Lucr.
1386 738 1480 779 Liu.
1504 737 1585 780 On.
1608 738 1770 793 (saepe)
1792 737 1889 778 Tac.

951 908 1057 952 CAP.
1100 909 1325 951 XXXVII

441 1033 480 1074 p.
506 1019 589 1060 106
620 1018 643 1059 l.
670 1019 722 1059 22
754 1018 821 1060 De
844 1018 964 1061 Orat.
989 1021 1042 1061 29
1065 1034 1104 1075 p.
1130 1021 1213 1061 199
1237 1019 1261 1061 l.
1286 1018 1338 1060 17
1370 1019 1496 1060 VViss.
1527 1033 1635 1060 nnnc
1656 1033 1756 1060 nero
1779 1017 1921 1059 oratio

352 1088 543 1130 iustitiae
565 1103 727 1130 omnem
750 1089 867 1130 iram
888 1089 957 1131 dei
978 1089 1147 1139 auertit,
1170 1105 1254 1146 pro
1275 1090 1467 1133 inimicis
1494 1089 1678 1138 caecabat,
1705 1103 1788 1144 pro
1814 1103 1915 1143 per-

290 1169 332 1191 10
351 1158 614 1213 sequentibus
643 1159 867 1214 supplicat.
930 1159 984 1200 ad
1020 1159 1143 1215 Scap.
1177 1162 1197 1200 1
1222 1175 1283 1216 pr.
1316 1160 1460 1216 itaque
1484 1160 1592 1202 hunc
1623 1159 1812 1201 libellum
1835 1173 1915 1200 non

354 1227 472 1269 nobis
508 1228 698 1270 timentes
730 1229 938 1279 misimus,
974 1229 1047 1271 sed
1080 1229 1198 1271 uobis
1226 1236 1264 1272 et
1295 1230 1487 1272 omnibns
1519 1230 1708 1272 inimicis
1744 1229 1919 1277 nostris,

353 1297 508 1340 nedum
540 1299 714 1348 amicis;
755 1300 821 1341 ita
851 1300 964 1341 enim
1001 1299 1237 1356 disciplina
1269 1300 1464 1342 iubemur
1500 1301 1678 1356 diliyere
1719 1300 1921 1342 inimicos·

351 1383 521 1424 quoqne,
544 1374 581 1411 et
603 1384 727 1411 crare
742 1384 827 1425 pro
849 1370 909 1411 eis
929 1370 1004 1425 qni
1025 1385 1099 1412 nos
1116 1377 1440 1426 pemequzmtm',
1460 1378 1505 1413 ut
1527 1371 1627 1413 haec
1648 1371 1705 1412 sit
1720 1370 1915 1426 perfecta

352 1446 389 1481 et
406 1440 594 1495 propria
617 1440 780 1483 bonitas
801 1447 962 1490 nostra,
979 1457 1057 1483 non
1081 1443 1325 1484 ccnwnnnis.
1375 1442 1531 1484 Euseb.
1551 1441 1667 1483 Hisb.
1687 1441 1797 1483 Ecel.
1814 1452 1865 1481 IX
1888 1443 1913 1481 8

288 1524 328 1555 15
351 1507 390 1566 ἐξ
420 1512 602 1552 13-15.
665 1510 884 1568 A‘uhenag.
908 1526 939 1553 c.
974 1513 1027 1552 10
1056 1526 1125 1567 pp.
1159 1514 1223 1561 11,
1259 1514 1312 1552 12
1345 1512 1422 1553 the
1455 1511 1715 1554 Christians'
1748 1511 1843 1552 love
1873 1510 1920 1551 of

342 1580 542 1628 ,enemies
559 1581 643 1622 and
663 1581 789 1623 other
805 1581 972 1623 virbues
994 1581 1284 1624 inconsistent
1301 1582 1407 1623 with
1425 1581 1624 1623 atheism.
1667 1580 1914 1622 Theodorei

354 1650 502 1692 Graec.
525 1651 682 1692 Affect.
701 1650 801 1694 Cur.
821 1663 870 1692 IX
894 1650 913 1708 ξ
935 1653 989 1694 65
1013 1667 1051 1708 p.
1072 1654 1155 1694 133
1178 1652 1202 1693 l.
1226 1654 1281 1693 45
1305 1652 1380 1694 καὶ
1405 1650 1454 1694 οὐ
1477 1651 1609 1705 μόνον
1631 1650 1731 1698 τοὺς
1753 1649 1912 1705 φίλους

352 1720 605 1776 εὖερὙετεῑν,
629 1720 753 1763 ἀλλὰ
785 1721 856 1762 καὶ
879 1720 980 1766 τοὺς·
1011 1721 1198 1778 ἐχθροὺς
1225 1721 1458 1764 ἐκέλευσεν
1492 1722 1539 1764 εὖ
1565 1724 1720 1764 ποιεῖν.
1783 1721 1911 1776 Greg.

352 1791 457 1833 Naz.
482 1791 552 1834 Or.
577 1793 631 1833 33
648 1812 686 1826 =
702 1794 755 1833 25
771 1807 803 1833 o.
827 1794 852 1833 5
869 1792 892 1833 f.
916 1793 952 1845 (Ι
982 1790 1107 1846 60712)
1135 1791 1283 1834 Contr.
1311 1791 1459 1834 Arian.
1488 1793 1610 1845 ἡμεῖς
1638 1791 1682 1833 δὲ
1709 1790 1783 1833 καὶ
1811 1790 1917 1837 τοὺς

286 1878 330 1899 20
351 1864 510 1915 φονεῖς,
529 1861 564 1903 εἰ
581 1861 639 1915 μὴ
660 1860 872 1918 φορτικὸν
894 1861 1045 1910 εἰπεῖν,
1068 1860 1378 1917 ἐξῃτησάμεθα
1395 1860 1727 1906 κινδυνεύοντας
1744 1861 1914 1915 (Hau).

438 1942 585 1971 SVPRA
607 1945 639 1972 c.
663 1933 715 1973 31
741 1946 778 1987 p.
805 1933 860 1973 98
883 1931 924 1972 ll.
949 1933 1133 1973 15—16.

437 2016 476 2057 p.
495 2003 577 2043 106
596 2001 618 2043 l.
636 2003 691 2043 23
706 2013 927 2042 HABEMVS
944 2013 1104 2043 ODISSE
1119 2017 1151 2043 c.
1171 2004 1225 2043 22
1243 2017 1376 2058 prope
1391 2002 1461 2043 fin.
1480 2002 1630 2044 habent
1651 2003 1702 2044 de
1722 2002 1911 2044 incolatu

349 2072 463 2113 (teris
496 2078 533 2114 et
566 2071 617 2114 de
653 2072 819 2113 uicinia
854 2072 1045 2114 siderum
1079 2078 1116 2114 et
1148 2072 1198 2114 de
1231 2074 1477 2115 commercio
1509 2073 1684 2115 nubium
1718 2073 1915 2115 caelestes

348 2156 498 2196 sapere
533 2147 785 2197 paraturas.
849 2143 903 2183 36
942 2141 1036 2183 init.
1070 2157 1110 2184 n.
1143 2141 1305 2184 Oehler
1337 2158 1392 2184 on
1429 2142 1496 2184 De
1525 2142 1561 2183 F
1564 2158 1633 2199 ug.
1665 2143 1710 2184 in
1745 2143 1909 2185 Perseo.

283 2226 326 2257 25
352 2214 405 2252 12
428 2227 467 2268 Ρ.
491 2213 575 2253 485
599 2217 701 2253 note
735 2218 763 2253 t.
826 2212 940 2253 Adu.
970 2212 1065 2253 Iud.
1096 2214 1149 2254 13
1175 2228 1211 2254 a.
1239 2228 1292 2254 m.
1324 2214 1575 2268 cnm...]niti
1598 2213 1777 2256 haberet.
1840 2214 1912 2256 De

350 2280 466 2324 Cult.
490 2281 608 2323 Fem.
632 2293 647 2322 Ι
673 2284 693 2321 1
720 2282 850 2323 etiam
870 2282 995 2337 filius
1016 2282 1086 2324 dei
1111 2283 1223 2324 mori
1251 2282 1409 2325 habuit.
1472 2283 1539 2324 De
1562 2283 1713 2324 Idolol.
1738 2286 1762 2326 5
1786 2298 1824 2339 p.
1849 2285 1910 2325 34-

349 2351 372 2392 l.
398 2353 451 2393 16
475 2351 601 2392 Wiss.
627 2352 780 2393 ninere.
848 2351 915 2393 De
939 2351 1065 2394 Carn.
1090 2352 1239 2393 Resur.
1260 2351 1313 2394 27
1336 2368 1398 2408 pr.
1420 2353 1495 2395 hoc
1515 2353 1643 2395 habeo
1665 2354 1804 2396 dicere
1825 2359 1905 2395 etc.

350 2420 462 2462 Adu.
487 2421 659 2462 Valent.
685 2423 740 2462 14
762 2437 800 2477 p.
826 2423 910 2463 193
933 2421 956 2462 l.
982 2423 1037 2463 20
1061 2421 1134 2462 Kr.
1160 2437 1231 2464 nec
1259 2422 1414 2464 habens
1433 2423 1710 2478 superuolare
1731 2438 1904 2466 crucem.

349 2505 386 2531 n.
422 2505 477 2531 on
514 2491 677 2546 Zumpt
711 2489 730 2547 ξ
767 2492 862 2532 562.
926 2490 1178 2547 Cypr.‚653
1218 2494 1283 2533 11.
1346 2491 1411 2533 Ps.
1448 2491 1575 2548 Cypr.
1612 2495 1696 2534 263
1733 2495 1810 2535 10:
1855 2494 1904 2534 cf.

281 2578 326 2608 30
349 2559 434 2601 ind.
460 2560 600 2601 Valer.
630 2560 665 2601 F
669 2561 743 2601 lae.
770 2572 785 2600 Ι
813 2560 986 2602 671-2
1014 2561 1188 2616 tollique
1220 2561 1408 2603 uicissim
1438 2568 1592 2618 pontus
1622 2563 1752 2605 habet.
1816 2562 1904 2605 Cic.

350 2630 444 2685 le.
483 2629 588 2686 (dig.
612 2629 735 2670 xlviii
759 2633 794 2671 5.
821 2632 874 2671 16
897 2630 994 2684 (15)
1014 2629 1033 2687 ξ
1055 2633 1102 2684 3)
1130 2631 1336 2674 laborare.
1390 2632 1536 2674 Macer
1562 2632 1668 2688 (dig.
1692 2632 1815 2674 xlviii
1839 2635 1908 2675 19.

349 2702 402 2741 10
424 2698 443 2756 g
468 2701 510 2753 1)
533 2701 707 2755 operari
736 2700 840 2754 [and
869 2701 1087 2743 countless
1116 2701 1274 2751 others,
1302 2703 1350 2744 cf.
1375 2718 1450 2759 eg.
1481 2703 1639 2759 Hoppe
1672 2703 1840 2760 Syntax
1864 2719 1903 2745 u.

347 2768 431 2810 Stil
447 2769 522 2810 des
544 2769 659 2810 Terb.
675 2784 745 2825 pp.
762 2770 882 2820 43ff.‚
904 2785 977 2826 my
1000 2770 1144 2826 Study
1162 2772 1209 2812 of
1224 2771 1547 2814 Ambrosiaster
1562 2788 1601 2829 p.
1623 2776 1716 2815 109.
1760 2773 1812 2814 Α.
1828 2773 1902 2828 S.].

432 2854 470 2894 p.
519 2841 600 2881 106
648 2839 671 2879 l.
717 2841 771 2880 26
816 2850 1013 2882 LEGIBVS
1059 2855 1090 2881 ο.
1134 2842 1161 2881 4
1202 2855 1241 2896 p.
1286 2844 1339 2883 16
1382 2841 1405 2883 l.
1448 2843 1473 2883 9
1511 2848 1725 2897 postremo
1763 2843 1903 2898 legam

278 2918 320 2949 35
345 2908 576 2950 obstruitur
609 2909 853 2951 auctoritas.
921 2925 952 2951 e.
989 2912 1024 2960 ],
1054 2910 1101 2950 of
1128 2910 1264 2960 truth,
1293 2911 1396 2966 qnid
1424 2911 1521 2953 hinc
1549 2911 1712 2967 deperit
1742 2912 1904 2968 Zeyibus.
