1975 3306
141 199 184 240 p.
215 187 345 228 1121.
374 188 440 240 16]
664 186 1111 229 APOLOGETIOVS
1144 189 1197 229 39
1625 182 1703 223 391

144 307 383 349 carceribus
403 313 500 349 sunt
526 308 616 349 siue
644 308 803 349 eoeclusi
829 307 880 349 de
907 307 1074 349 sedibus
1100 307 1190 348 suis
1220 305 1361 361 utique
1387 302 1537 345 habere
1565 299 1708 342 debent

145 377 219 432 qui
259 377 318 418 eis
360 377 630 419 ministrent:
676 377 748 419 sed
789 383 827 419 et
868 377 1120 419 catecumini
1162 374 1416 431 adprehensi
1456 371 1709 427 infirmitate

145 447 307 502 decepti
328 461 412 488 esse
434 462 515 488 'non
539 447 748 497 debebunt,
772 453 817 488 ut
839 447 898 489 eis
917 447 1203 489 subueniutur.
1268 451 1305 487 et
1333 443 1442 500 quod
1469 441 1707 483 maoeimum

145 522 214 566 est,
237 531 417 572 corpora
446 522 690 571 martyrum
719 523 794 558 aut
822 523 1053 559 ceterorum
1081 517 1120 557 si
1150 531 1230 557 non
1251 514 1523 570 sepeliantur,
1544 509 1709 566 yrande

140 588 384 643 periculum
419 587 613 628 imminet
644 588 703 628 eis
745 587 895 642 quibus
932 587 1135 628 incumbit
1166 586 1240 628 boc
1272 600 1385 641 opus.
1448 597 1512 638 ep.
1548 584 1600 622 12
1632 578 1652 637 ξ
1685 582 1706 620 1
1727 595 1747 625 5

147 658 392 714 corporibus
430 658 560 699 etiam.
602 658 803 707 omnium,
841 658 915 713 qui
950 658 1028 700 etsi
1064 658 1164 699 torti
1200 672 1279 698 non
1321 661 1428 704 sunt,
1462 655 1509 695 in
1545 666 1710 694 carcere

148 733 287 770 tamen
333 728 516 783 ylorioso
570 728 683 769 eoeitu
735 728 886 769 mortis
933 727 1142 775 ercedunt,
1186 726 1461 782 impertiatur
1511 729 1549 764 et
1600 721 1710 777 ui9i-

149 799 289 840 lautia
325 805 363 840 et
399 814 504 840 cura
539 798 804 854 propensior.
873 797 1092 854 Bingham
1131 809 1255 838 XXIII
1298 799 1336 847 3,
1375 795 1411 837 7.
1474 794 1712 835 Neumann

147 880 162 909 I
198 871 277 909 III
314 883 373 924 sq.

237 951 402 980 PVERIS
436 950 493 980 AC
527 950 717 980 PVELLIS
754 938 942 995 orphans
979 939 1139 995 taught
1176 954 1202 979 a
1237 937 1361 979 trado
1392 936 1477 977 and
1510 933 1710 991 supplied
1732 947 1773 970 10

148 1009 255 1051 with
288 1010 398 1051 tools
428 1008 596 1063 (Const.
621 1010 771 1066 Apost.
796 1021 846 1051 IV
870 1012 927 1063 2),
949 1015 1038 1059 not,
1066 1024 1112 1050 as
1135 1008 1309 1050 Gibbon
1335 1006 1439 1056 said,
1462 1004 1712 1060 foundlings

149 1080 308 1134 (Blunt
327 1079 531 1133 332—-7).
594 1080 687 1122 The
710 1080 914 1122 ohildless
936 1087 980 1121 to
1004 1080 1138 1136 adopt
1160 1079 1347 1135 orphans
1367 1076 1536 1130 (Const.
1559 1075 1712 1131 Apost-

149 1162 199 1192 IV
234 1153 289 1205 1).
353 1151 567 1207 Orphans,
599 1151 721 1192 Zahn
754 1151 1062 1207 Forsohungen
1097 1166 1172 1191 zur
1194 1149 1346 1191 Gesch.
1376 1148 1452 1189 des
1483 1145 1713 1187 NTlichen

150 1221 331 1263 Kanons
353 1233 384 1262 V
407 1221 501 1263 227.
573 1221 779 1263 Harnack
802 1236 858 1262 on
880 1221 1030 1263 Herm.
1055 1219 1199 1261 Mand.
1223 1231 1311 1260 VIII
1337 1221 1390 1260 10
1413 1232 1482 1274 pp.
1508 1217 1691 1258 100-1,

238 1307 277 1348 p.
303 1293 386 1332 112
420 1292 444 1332 l.
471 1294 523 1332 15
561 1302 847 1332 PARENTIBVS
880 1291 928 1332 ef.
953 1290 1193 1332 Hennecke
1223 1288 1439 1330 Aristides
1470 1286 1556 1328 ind.
1579 1284 1711 1343 χήρα.
1732 1296 1773 1329 15

238 1377 277 1418 p.
302 1363 385 1402 112
418 1361 441 1403 1.
468 1363 521 1403 16
549 1361 619 1402 Ad
642 1361 769 1402 Mart.
796 1364 817 1401 1
842 1360 937 1403 init.
960 1361 1072 1402 inter
1099 1360 1244 1403 carnis
1273 1359 1489 1408 alimenta,
1512 1355 1714 1398 benedicti

149 1437 365 1487 martyres
405 1431 629 1487 desigynati
671 1447 776 1487 quae
818 1431 935 1473 ‘uobis
977 1437 1014 1473 et
1055 1430 1231 1472 domina
1272 1435 1409 1471 mater
1450 1426 1621 1470 ecclesia
1662 1425 1713 1467 de

150 1502 347 1544 uberibus
394 1501 483 1543 suis
525 1507 562 1543 et
609 1501 773 1555 sinyuli
802 1500 974 1557 fratres
1015 1500 1065 1542 de
1107 1499 1253 1555 opibus
1303 1498 1393 1540 suis
1431 1495 1626 1552 propriis
1666 1494 1711 1536 in

152 1589 364 1617 carcerem
400 1573 738 1622 subministrant,
772 1573 908 1628 capite
945 1572 1113 1627 aliquid
1145 1577 1182 1613 et
1215 1585 1242 1612 a
1278 1570 1394 1611 nobis
1429 1568 1539 1624 quod
1565 1566 1713 1623 faciat

152 1645 210 1687 ad
251 1645 454 1700 spiritum
495 1659 657 1699 quoque
697 1642 974 1685 educandum.
1053 1642 1108 1683 ib.
1153 1644 1178 1682 2
1220 1641 1358 1697 ipsam
1402 1638 1576 1681 interim
1618 1652 1710 1681 cont
1731 1649 1776 1672 20

151 1715 436 1758 uersationem
477 1714 639 1756 saeculi
680 1720 718 1756 et
759 1714 944 1756 carceris
983 1727 1286 1768 comparemus,
1328 1711 1367 1752 si
1407 1724 1489 1751 non
1523 1709 1626 1764 plus
1665 1706 1713 1748 in

151 1800 319 1828 carcere
358 1785 539 1840 spiritus
581 1784 782 1840 acquirit,
827 1799 957 1839 quam
998 1798 1097 1825 caro
1139 1782 1324 1824 amittit:
1364 1781 1493 1821 immo
1530 1784 1567 1820 et
1608 1791 1714 1832 quae

150 1857 265 1898 iusta
306 1861 402 1897 sunt
448 1870 546 1897 caro
589 1870 670 1896 non
712 1854 871 1896 amittit
911 1868 993 1909 per
1041 1867 1190 1894 curam
1231 1851 1427 1893 ecclesiae
1467 1855 1505 1891 et
1547 1860 1714 1903 ayapen

140 1926 355 1982 fratrum,
393 1930 430 1967 et
470 1925 646 1980 insuper
682 1939 788 1980 quae
828 1939 994 1979 semper
1029 1923 1159 1965 utilia
1191 1922 1312 1977 fidei,
1348 1920 1528 1975 spiritus
1568 1915 1712 1971 adipi-

150 1996 293 2038 scitur.
355 1994 422 2036 De
459 1993 597 2035 Ieiun.
638 1996 691 2034 12
728 2008 767 2049 p.
807 1995 890 2034 290
935 1993 959 2034 l.
998 1992 1050 2034 27
1098 1991 1223 2033 Wiss.
1265 1991 1394 2046 plane
1429 1994 1618 2030 uestrum
1654 1991 1713 2028 est
1733 1996 1775 2029 25

152 2065 198 2106 in
248 2064 487 2107 carceribus
528 2064 716 2120 popinas
757 2063 945 2105 eoehibere
986 2061 1251 2117 martyribus
1291 2059 1474 2108 incertis,
1516 2072 1566 2098 ne
1618 2070 1710 2097 con-

154 2135 419 2177 suetudinem
461 2143 681 2190 quaerant,
722 2149 772 2175 ne
813 2133 980 2175 taedeat
1020 2132 1148 2181 uitae,
1189 2146 1240 2172 ne
1280 2144 1393 2171 noua
1434 2125 1713 2169 abstinentiae

155 2205 389 2260 disciplina
430 2204 788 2246 scandalizentur.
865 2202 996 2258 Story
1032 2203 1079 2243 of
1115 2199 1332 2242 Pristinus
1373 2197 1467 2238 who
1508 2193 1712 2237 recanted

154 2291 210 2318 on
242 2276 318 2317 the
349 2275 444 2316 first
471 2273 737 2330 application
765 2274 812 2314 of
837 2279 1017 2322 torture,
1042 2271 1204 2327 having
1235 2271 1347 2311 been
1377 2266 1540 2324 gorged
1566 2265 1712 2306 before

154 2345 261 2387 with
284 2351 403 2385 meat
423 2344 510 2385 and
532 2343 654 2384 wine.
717 2342 873 2384 Iulian.
903 2342 1158 2397 Misopogon
1189 2341 1292 2381 363ἐι
1313 2336 1448 2391 (cite'd
1477 2350 1530 2376 on
1559 2350 1598 2390 p.
1628 2335 1710 2374 112
1733 2344 1777 2376 30

154 2415 270 2463 1.9).
333 2414 482 2469 fragm.
527 2427 591 2468 ep.
636 2427 675 2468 p.
719 2410 841 2465 305ῙΟΟ
882 2411 1101 2464 (Hercher
1142 2421 1157 2450 I
1201 2409 1282 2450 391
1329 2408 1383 2448 13
1435 2405 1515 2460 sq.)
1564 2401 1712 2456 ἐπειδὴ

155 2483 242 2541 «γὰρ
273 2482 394 2536 οἶμαι
423 2481 594 2534 συνέβη
623 2481 723 2526 τοὺς
751 2480 944 2533 πένητας
972 2477 1236 2532 ἀμελεῖσθαι
1263 2472 1602 2532 παρορωμένους
1630 2470 1713 2514 ὑπὸ

157 2557 244 2597 τῶν
289 2552 446 2609 ἱερέων,
482 2551 524 2593 οἱ
561 2551 798 2601 δυσσεβεῖς
842 2551 1081 2592 Γαλιλαῖοι
1118 2545 1470 2599 κατανοήσαντες
1508 2541 1714 2585 ἐπέθεντο

157 2623 298 2679 ταύτῃ
331 2623 383 2678 τῇ
417 2620 750 2677 φιλανθρωπίᾳ,
783 2620 856 2661 καὶ
890 2619 939 2661 τὸ
971 2617 1202 2676 χείριστον
1236 2619 1324 2658 τῶν
1361 2614 1500 2671 ἕρὙων
1533 2612 1603 2655 διὰ
1637 2615 1715 2654 τοῦ

158 2694 390 2737 δοκοῦντος
423 2693 510 2733 τῶν
547 2689 909 2742 ἐπιτηδευμάτων
953 2687 1205 2740 ἐκράτυναν.
1268 2700 1332 2741 ep.
1361 2685 1416 2726 49
1444 2698 1484 2739 p.
1513 2680 1620 2724 429‘1
1651 2696 1714 2723 re·
1737 2695 1779 2728 35

157 2762 441 2806 commended
493 2763 556 2803 for
606 2759 829 2802 imitation
876 2759 952 2800 the
1001 2753 1320 2814 φιλανθρωπία
1367 2755 1414 2795 of
1459 2752 1716 2795 Christians.

159 2834 282 2890 Kaye
327 2834 420 2874 132.
503 2831 742 2872 Neumann
791 2841 806 2870 I
861 2830 945 2870 230
993 2830 1018 2869 3
1065 2829 1101 2868 4.
1186 2824 1409 2868 Christian
1461 2820 1718 2878 hospitality

159 2902 400 2944 Hennecko
444 2899 662 2959 Aristides
703 2898 789 2940 ind.
829 2896 958 2950 ξένος.
1035 2895 1157 2936 Zahn
1199 2893 1508 2948 Forsehungen
1550 2902 1581 2932 V
1622 2893 1718 2932 301.
