1975 3306
281 100 366 141 484
410 86 412 88 ’
854 97 1262 140 TERTVLLIANI
1523 99 1582 155 [p.
1609 99 1739 142 1461.
1765 103 1847 142 4-

281 212 358 270 §6
421 213 471 255 A.
496 213 560 269 S.]
621 214 831 257 Antonin.
865 215 936 269 [XI
970 217 1007 257 3.
1070 214 1121 257 A.
1146 214 1227 269 S.].
1290 214 1401 257 Plin.
1432 215 1487 256 ad
1517 215 1631 258 Trai.
1662 218 1716 258 96
1749 217 1848 271 (97)

281 282 301 340 ξ
336 285 362 325 3
416 298 542 339 neque
593 284 705 326 enim
756 284 1017 334 dubitabam,
1065 285 1373 341 qualecumque
1422 291 1524 327 esset
1575 286 1687 341 quod
1726 285 1844 342 fate-

282 358 443 401 rentur,
483 353 773 408 pertinaciam
808 359 916 396 certe
950 359 987 396 et
1023 353 1302 410 infleoeibilem
1344 354 1665 397 obstinationem
1702 355 1849 398 debere

279 422 444 478 puniri.
519 422 597 478 Ep.
654 422 709 463 ad
771 422 928 479 Diogn.
990 426 1011 464 1
1078 422 1164 466 τίνι
1215 441 1264 466 τε
1316 422 1402 480 θεῷ
1453 423 1721 470 πεποιθότες
1772 428 1845 468 καὶ

243 494 376 542 5πῶς
420 491 739 548 θρησκεύοντες
784 491 920 535 αὐτόν
965 511 1012 535 τε
1057 491 1227 544 κόσμον
1272 493 1526 549 ὑπερορῶσι
1565 493 1728 540 πάντες
1773 495 1846 537 καὶ

285 562 479 605 θανάτου
530 565 881 618 καταφρονοῦσι.
959 563 1013 605 ib.
1064 565 1117 606 10
1161 579 1202 620 Ρ.
1239 562 1346 605 501¹>
1382 562 1483 606 τότε
1527 563 1628 609 τοὺς
1663 567 1843 619 κολαζο-

283 631 439 687 μένους
490 632 564 674 ἐπὶ
617 634 677 689 τῷ
726 631 786 686 μὴ
848 632 995 675 θέλειν
1044 632 1333 688 ἀρνήσασθαι
1394 632 1492 677 θεὸν
1543 635 1617 676 καὶ
1669 635 1846 690 ἀνγαπή-

285 721 379 749 σεις
422 702 498 745 καὶ
543 702 802 755 θαυμάσεις,
845 701 945 745 τότε
989 707 1067 757 τῆς
1105 703 1281 755 ἀπάτης
1318 707 1398 746 τοῦ
1440 704 1610 759 κόσμου
1653 705 1727 748 καὶ
1770 709 1846 759 τῆς

285 772 461 825 πλάνης
484 773 777 827 καταγνώσει,
800 773 907 815 ὅταν
940 773 989 816 τὸ
1018 774 1198 826 ἀληθῶς
1228 775 1272 816 ἐν
1303 774 1474 831 οὐρανῷ
1503 776 1578 828 ζῆν
1608 776 1847 832 ἐπιγνώσῃ,

223 863 265 886 10
285 843 392 886 ὅταν
429 845 507 885 τοῦ
550 842 782 889 δοκοῦντος
824 842 978 886 ἐνθάδε
1022 843 1215 886 θανάτου
1258 843 1613 900 καταφρονήσῃς.
1689 846 1845 888 lustin.

285 914 409 971 Apol.
439 926 455 956 Ι
490 917 540 955 11
577 912 878 969 ἀναιρούντων
910 915 959 957 οὐ
992 913 1361 971 πεφροντίκαμεν.
1436 917 1491 958 39
1523 915 1658 969 ἡδέως
1691 915 1847 968 ὁμολο-

285 987 463 1039 νγοῦντες
495 983 572 1026 τὸν
608 982 807 1040 Χριστὸν
839 982 1191 1037 ἀποθνήσκομεν.
1270 985 1322 1027 57
1373 983 1421 1027 οὐ
1463 985 1551 1042 Ὑιὶρ
1595 985 1849 1040 δεδοίκαμεν

287 1053 485 1097 θάνατον.
546 1054 746 1096 ΞΘΘΘΧΧ.
769 1054 825 1097 id.
848 1055 1031 1111 Apol.·11
1057 1057 1093 1097 2.
1116 1055 1213 1098 Aet.
1237 1055 1364 1097 Mart.
1388 1056 1496 1098 Iust.
1522 1060 1558 1099 5.
1611 1056 1848 1098 Neumann

286 1136 301 1165 Ι
328 1126 411 1166 153
434 1139 473 1166 n.
498 1127 534 1167 3.
1818 1151 1822 1157 ·

221 1212 265 1244 15
374 1210 412 1251 p.
449 1196 531 1236 146
564 1195 588 1237 l.
624 1199 647 1235 5
681 1206 914 1236 MAGlsTRA
947 1195 1018 1236 Ad
1051 1194 1175 1252 Scap.
1210 1198 1234 1236 5
1257 1195 1328 1238 fin.
1392 1195 1550 1238 lustin.
1594 1197 1718 1252 Apol.
1762 1210 1777 1238 Ι
1820 1200 1847 1238 4

284 1282 323 1322 p.
344 1264 419 1308 55b
441 1264 489 1308 ὃν
515 1263 602 1321 Γγὰρ
626 1264 791 1321 τρόπον
814 1265 1163 1322 παραλαβόντες
1186 1265 1300 1311 τινὲς
1322 1265 1447 1320 παρὰ
1470 1270 1548 1309 τοῦ
1571 1266 1849 1310 διδασκάλου

286 1337 487 1392 Χριστοῦ
508 1333 566 1387 μὴ
591 1334 823 1389 ἀρνεῖσθαι
847 1335 1150 1390 ἐξεταζόμενοι
1180 1336 1566 1393 παρακελεύονται
1587 1337 1718 1391 (Otto
1745 1339 1800 1380 ad
1823 1339 1848 1380 l.

286 1420 324 1460 p.
362 1403 467 1455 15¹³).
531 1403 666 1446 Clem.
701 1404 825 1446 Alex.
861 1404 1021 1447 Strom.
1059 1417 1109 1446 IV
1149 1407 1202 1447 73
1235 1406 1306 1447 fin.
1345 1421 1383 1462 p.
1424 1408 1507 1448 596
1533 1406 1575 1449 P.
1608 1407 1847 1461 δοθήσεται

287 1476 333 1518 δέ
363 1492 492 1524 τισιν,
516 1473 590 1517 ἐὰν
620 1474 839 1531 συμφέρῃ,
869 1475 1264 1530 ἀπολογήσασθαι,
1290 1475 1360 1519 ἵνα
1391 1475 1464 1518 διά
1497 1495 1544 1519 τε
1572 1480 1650 1530 τῆς
1679 1495 1846 1532 μαρτυ-

222 1566 266 1589 20
286 1544 382 1600 ρίας
428 1546 499 1588 διά
547 1563 594 1587 τε
642 1549 720 1598 τῆς
769 1544 1008 1599 ὁμολογίας
1053 1546 1315 1600 ὠφελῶνται
1357 1547 1399 1590 οἱ
1441 1547 1615 1597 πάντες,
1661 1548 1846 1606 ἰσχυρο-

286 1612 660 1670 ποιούμενονμέν
703 1615 744 1658 οἱ
785 1614 882 1658 κατ’
920 1616 1178 1668 ἐκκλησίαν,
1222 1616 1519 1669 θαυμάζοντες
1563 1617 1608 1660 δὲ
1660 1619 1735 1661 καὶ
1787 1619 1848 1665 εἰς

286 1685 444 1729 πίστιν
472 1685 744 1741 ὑπαγόμενοι
774 1685 816 1728 οἱ
846 1686 895 1739 ἐξ
929 1687 1065 1729 ἐθνῶν
1097 1686 1178 1740 τὴν
1208 1689 1436 1744 σωτηρίαν
1466 1689 1846 1744 πολυπραγμονή-

375 1837 669 1868 CONCVTITVR
691 1825 727 1866 is
749 1826 992 1882 staggerod.
1057 1826 1181 1882 Kaye
1208 1829 1390 1868 123—4.

220 1919 264 1952 25
375 1913 414 1954 p.
450 1900 530 1939 146
564 1898 587 1938 l.
623 1899 646 1938 9
686 1896 898 1952 Scorpi-ac.
936 1898 960 1938 6
993 1911 1032 1952 p.
1070 1900 1153 1938 158
1190 1897 1212 1938 l.
1249 1899 1299 1938 21
1337 1897 1465 1939 WViss.
1533 1898 1599 1940 De
1637 1898 1782 1941 Pudic.
1818 1902 1843 1941 9

285 1983 324 2023 p.
360 1969 443 2009 2238
477 1968 499 2008 l.
536 1970 589 2007 14
622 1966 744 2007 Wiss.
796 1966 852 2007 ib.
887 1968 939 2006 22
974 1982 1011 2022 p.
1048 1966 1130 2008 272
1165 1967 1188 2009 l.
1224 1969 1276 2008 25
1303 1967 1428 2009 Wiss.
1461 1968 1587 2009 alind
1621 1968 1844 2023 baptisma.

286 2038 352 2079 De
386 2038 512 2093 Bapn.
558 2039 610 2078 16
646 2052 706 2092 pr.
741 2042 828 2077 tota
865 2036 1080 2077 Paradisi
1112 2024 1249 2078 clanis
1292 2042 1388 2078 taus
1427 2038 1605 2092 sanquis
1646 2044 1715 2080 est.
1778 2039 1846 2080 De

285 2107 431 2149 Anim.
475 2111 528 2149 55
563 2110 632 2148 fin.
712 2106 775 2149 Cf.
809 2107 876 2148 De
910 2106 1034 2163 Fuga
1071 2107 1116 2148 in
1157 2107 1320 2149 Perseo.
1351 2110 1387 2150 9.
1463 2109 1529 2150 De
1566 2109 1753 2151 Patient.
1792 2112 1844 2151 13

285 2192 324 2233 p.
349 2179 399 2218 21
436 2177 459 2218 l.
483 2179 510 2217 4
538 2176 612 2218 Kr.
635 2176 821 2218 secanda
852 2176 1048 2217 intinctio
1081 2176 1194 2231 Aug.
1218 2188 1249 2217 X
1275 2178 1359 2217 700
1383 2176 1564 2219 Gaume.
1618 2176 1769 2234 Chrys.
1794 2189 1843 2218 XI

221 2261 265 2293 30
286 2250 340 2290 86
356 2248 460 2290 ΒΘΗ.
503 2247 699 2288 Dodwell
718 2247 829 2288 Diss.
849 2246 976 2303 Cypr.
1001 2250 1065 2297 13,
1088 2247 1154 2288 De
1178 2247 1368 2289 secundo
1392 2247 1590 2304 martyrii
1613 2247 1843 2304 baptismo.

285 2318 398 2359 Acta
417 2318 658 2374 Perpennae
681 2332 711 2358 c.
733 2319 797 2359 18.
841 2317 967 2370 (Sees
985 2317 1085 2373 only
1101 2325 1288 2373 martyrs
1310 2317 1356 2358 in
1380 2318 1596 2367 Paradise,
1614 2318 1680 2359 De
1698 2317 1845 2362 Anim.

286 2391 353 2437 55,
377 2403 414 2443 p.
438 2390 523 2429 388
546 2387 569 2429 l.
594 2389 648 2429 26
674 2386 821 2440 Wiss.)

374 2469 631 2499 DONANTVR
662 2457 728 2498 De
762 2457 908 2498 Pudio.
943 2459 994 2498 21
1030 2472 1068 2513 p.
1103 2459 1186 2499 269
1221 2457 1244 2498 l.
1280 2459 1334 2498 24
1368 2457 1493 2500 Wiss.
1526 2458 1668 2512 ipsam
1699 2457 1845 2499 Para-

285 2528 435 2569 cletum
457 2527 503 2568 in
524 2526 753 2582 Prophetis
774 2527 824 2567 N
823 2527 915 2568 ouis
936 2526 1063 2568 habeo
1085 2527 1289 2568 dicentem
1312 2532 1461 2582 ‘potest
1483 2527 1655 2569 ecclesia
1684 2527 1847 2569 donare

219 2616 264 2648 35
285 2596 508 2640 olebictwn.²
571 2596 626 2638 ib.
655 2599 705 2637 21
742 2599 812 2638 fin.
842 2611 880 2652 p.
912 2596 993 2637 271
1030 2598 1055 2636 8
1088 2596 1127 2637 ei
1157 2596 1251 2638 ideo
1284 2596 1458 2638 ecclesia
1489 2596 1657 2651 quidem
1690 2595 1844 2638 delicta

285 2667 470 2710 donabit.
532 2666 587 2708 ib.
623 2668 676 2707 22
706 2681 745 2722 Ρ.
782 2666 862 2707 271
891 2665 942 2707 27
969 2666 1095 2708 Wiss.
1159 2666 1214 2708 ib.
1239 2668 1292 2707 22
1310 2681 1345 2708 a.
1370 2682 1423 2708 m.
1447 2681 1486 2722 p.
1512 2666 1595 2707 272
1619 2666 1642 2707 l.
1669 2668 1689 2706 1
1717 2665 1844 2707 Wiss.

285 2737 467 2792 sufficiat
496 2736 687 2791 martyri
721 2736 912 2791 propria
942 2735 1098 2777 delicta
1134 2750 1357 2790 puryasse.
1421 2735 1487 2776 De
1522 2734 1650 2790 Bapn.
1695 2736 1747 2776 16
1782 2749 1844 2790 pr.

286 2806 398 2848 Adu.
421 2805 551 2846 Marc.
579 2816 628 2846 lv
652 2807 706 2846 35
729 2819 769 2860 p.
792 2806 876 2847 539
900 2804 924 2847 l.
950 2803 1001 2846 17
1027 2804 1101 2845 Kr.
1147 2815 1175 2844 V
1202 2806 1253 2846 19
1277 2804 1344 2846 bis
1365 2819 1405 2860 p.
1429 2805 1511 2846 645
1536 2803 1577 2846 ll.
1601 2804 1742 2844 24-5
1768 2803 1844 2846 Kr.
