1975 3306
277 173 330 213 50
855 168 1260 210 TERTVLLIANI

276 286 380 328 deos
409 285 678 328 destruebat.
740 285 874 326 Plane
903 284 1019 334 olim,
1051 284 1096 325 id
1126 289 1192 325 est
1220 298 1402 338 semper,
1434 284 1597 325 ueritas
1626 284 1726 326 odio
1755 289 1835 326 est.

275 356 440 397 Tamen
465 371 564 397 cum
589 355 862 411 paenitentia
886 353 1131 395 sententiae
1156 353 1444 395 Athenienses
1469 359 1513 395 et
1537 354 1838 395 criminatores

274 431 465 473 Socratis
493 436 646 486 postea
674 429 911 471 afflixerint
939 435 983 470 et
1008 428 1245 483 imaginem
1273 428 1364 470 eius
1391 443 1570 470 auream
1597 429 1642 470 in
1670 429 1836 483 templo

274 507 539 556 collocarint,
582 506 762 547 rescissa
803 504 1031 546 danmatio
1075 504 1377 545 testimonium
1419 503 1588 545 Socrati
1628 503 1833 545 reddidit.

274 581 358 623 Sed
391 587 435 623 et
466 581 682 636 Diogenes
714 580 857 621 nescio
890 579 997 634 quid
1027 579 1072 620 in
1103 579 1339 620 Herculem
1369 579 1496 629 ludit,
1530 584 1575 620 et
1606 579 1836 620 Romanus
1855 590 1875 622 5

273 657 462 711 Cynicus
500 656 636 697 Varro
677 660 896 697 trecentos
935 655 1076 704 Ioues,
1119 655 1210 696 siue
1249 655 1443 709 Iupitros
1482 654 1702 705 dicendos,
1743 655 1835 695 sine

272 732 490 787 capitibus
520 730 774 772 introducit.

356 948 429 990 15.
490 948 644 989 Cetera
666 946 871 987 lasciuiae
894 945 1066 1000 ingenia
1091 945 1225 986 etiam
1248 944 1556 1000 uoluptatibus
1578 947 1736 987 uestris
1758 960 1835 1000 per

271 1023 451 1064 deorum
482 1022 670 1079 dedecus
701 1026 953 1076 operantur.
1014 1020 1228 1074 Dispicite
1259 1020 1547 1061 Lentulorum
1578 1025 1622 1062 et
1651 1020 1832 1062 Hostili-

269 1113 394 1139 orum
432 1103 702 1146 uenustates,
743 1102 893 1137 utrum
931 1096 1088 1136 mimos
1126 1110 1182 1136 an
1219 1095 1323 1136 deos
1360 1100 1529 1137 uestros
1565 1096 1611 1137 in
1647 1096 1752 1136 iocis
1790 1101 1834 1137 et
1857 1113 1900 1135 10

268 1177 460 1232 strophis
489 1176 689 1217 rideatis:
739 1174 970 1215 moechum
1000 1173 1191 1223 Anubin,
1225 1179 1269 1214 et
1298 1173 1542 1214 masculum
1571 1173 1756 1223 Lunam,
1789 1179 1834 1215 et

268 1251 459 1292 Dianam
493 1251 772 1306 flagellatam,
808 1255 852 1290 et
884 1249 1002 1289 Iouis
1035 1248 1198 1289 mortui
1231 1253 1550 1290 testamentum
1581 1249 1829 1298 recitatum,

269 1332 313 1367 et
342 1332 429 1368 tres
459 1326 669 1367 Hercules
699 1324 922 1366 famelicos
950 1323 1118 1364 inrisos.
1180 1323 1264 1364 Sed
1295 1329 1339 1365 et
1370 1323 1630 1364 histrionum
1658 1323 1832 1365 litterae

267 1416 443 1442 omnem
464 1401 724 1442 foeditatem
746 1414 895 1440 eorum
917 1398 1162 1454 designant.
1224 1399 1366 1454 Luget
1386 1399 1458 1440 Sol
1478 1399 1617 1440 filium
1638 1398 1692 1439 de
1712 1399 1830 1440 caelo

265 1478 483 1518 iactatum
534 1475 805 1517 laetantibus
857 1473 995 1524 uobis,
1051 1479 1095 1515 et
1147 1472 1307 1528 Cybele
1359 1479 1588 1528 pastorum
1639 1474 1832 1529 suspirat
1854 1489 1895 1521 15

266 1552 546 1593 fastidiosum
570 1565 659 1592 non
682 1548 1041 1591 erubescentibus
1056 1548 1203 1598 uobis,
1231 1553 1275 1590 et
1298 1549 1525 1590 sustinetis
1549 1549 1668 1590 Iouis
1693 1548 1829 1603 elogia

264 1627 448 1677 cantari,
485 1632 529 1668 et
561 1627 791 1675 Iunonem,
827 1625 1053 1674 Venerem,
1090 1623 1333 1665 Mineruam
1366 1639 1391 1665 a
1425 1629 1600 1679 pastore
1631 1623 1827 1665 iudicari.

266 1702 419 1756 Ipsum
446 1701 564 1756 quod
589 1701 734 1756 imago
760 1700 829 1741 dei
855 1699 989 1740 uestri
1015 1699 1354 1753 ignominiosum
1381 1704 1516 1753 caput
1542 1704 1586 1739 et
1611 1698 1830 1740 famosum

266 1777 413 1827 uestit,
446 1777 564 1831 quod
594 1790 750 1830 corpus
778 1762 986 1829 inpurum
1016 1779 1060 1815 et
1087 1773 1145 1814 ad
1172 1774 1305 1814 istam
1334 1779 1475 1815 artem
1505 1773 1830 1815 effeminatione

266 1851 532 1906 productum
581 1850 824 1891 Mineruam
873 1850 1066 1904 aliquam
1114 1849 1182 1889 ue]
1231 1848 1466 1889 Herculem
1513 1855 1827 1904 repraesentat,
1851 1865 1896 1887 20

267 1940 412 1967 nonne
439 1926 630 1967 uiolatur
659 1925 865 1966 maiestas
894 1930 938 1965 et
966 1924 1176 1964 diuinitas
1204 1929 1517 1979 constupratur
1543 1924 1830 1967 laudantibus

267 2001 419 2042 uobis?
483 2001 618 2042 Plane
642 2000 926 2055 religiosiores
950 1999 1053 2040 estis
1076 1999 1121 2040 in
1146 2013 1293 2049 cauea,
1320 1999 1395 2040 ubi
1419 2014 1549 2054 super
1572 2000 1829 2055 sanguinem

268 2079 524 2129 humanum,
557 2093 686 2134 super
715 2078 1051 2133 inquinamenta
1082 2091 1322 2132 poenarum
1353 2077 1535 2132 proinde
1564 2078 1731 2119 saltant
1760 2078 1829 2119 dei

267 2155 402 2198 uestri
429 2162 689 2212 argumenta
717 2161 762 2197 et
788 2155 992 2196 historias
1019 2155 1160 2196 noxiis
1187 2155 1500 2205 ministrantes,
1530 2155 1612 2196 nisi
1639 2155 1758 2210 quod
1786 2161 1830 2197 et

266 2235 385 2289 ipsos
421 2234 525 2275 deos
561 2240 730 2276 uestros
767 2248 896 2289 saepe
933 2233 1051 2275 noxii
1088 2233 1293 2274 induunt.
1355 2233 1555 2274 Vidimus
1591 2233 1828 2288 aliquando
1850 2251 1893 2282 25

268 2318 512 2354 castratum
556 2313 696 2353 Attin.
742 2312 863 2353 illum
907 2312 1038 2352 deum
1083 2326 1135 2352 ex
1179 2311 1450 2361 Pessinunte,
1497 2317 1540 2352 et
1583 2311 1655 2366 qui
1700 2311 1829 2353 uiuus

269 2389 466 2439 ardebat,
500 2390 734 2430 Herculem
764 2389 982 2430 induerat.
1044 2389 1237 2430 Risimus
1268 2394 1312 2429 et
1342 2388 1455 2429 inter
1485 2388 1672 2429 ludicras
1703 2389 1827 2430 meri-

269 2467 500 2507 dianorum
529 2467 810 2508 crudelitates
839 2466 1100 2508 Mercurium
1130 2472 1325 2508 mortuos
1354 2466 1546 2507 cauterio
1576 2466 1826 2507 examinan-

271 2550 374 2593 tem,
396 2544 587 2585 uidimus
607 2550 650 2585 et
669 2544 787 2585 Iouis
806 2544 987 2585 fratrem
1006 2544 1299 2599 gladiatorum
1319 2544 1534 2585 cadauera
1553 2558 1652 2584 cum
1672 2545 1828 2585 malleo

271 2622 574 2663 deducentem.
635 2622 812 2677 Singula
858 2623 943 2663 ista
989 2637 1189 2677 quaeque
1234 2622 1377 2663 adhuc
1423 2622 1685 2677 inuestigare
1731 2623 1829 2677 quis
1848 2637 1895 2669 30

271 2701 444 2754 posset?
508 2700 551 2741 Si
608 2699 815 2740 honorem
872 2701 1122 2755 inquietant
1177 2700 1436 2749 diuinitatis,
1494 2700 1529 2740 si
1585 2700 1830 2741 maiestatis

271 2777 455 2832 uestigia
479 2776 741 2826 obsoletant,
768 2777 821 2817 de
846 2783 1105 2832 contemptu
1129 2778 1282 2832 utique
1306 2782 1537 2818 censentur
1561 2782 1653 2818 tam
1678 2791 1827 2818 eorum

271 2855 347 2909 qui
389 2854 599 2895 eiusmodi
642 2854 851 2895 factitant
893 2870 1026 2909 quam
1069 2869 1216 2896 eorum
1260 2854 1418 2909 quibus
1460 2854 1681 2895 factitant.
1743 2853 1828 2896 Sed
