1975 3306
161 157 203 199 p.
228 142 284 184 70
304 141 331 183 l.
358 142 402 194 2]
677 139 1123 182 APOLOGETIOVS
1158 142 1208 180 21
1647 139 1729 181 293

163 257 337 300 trinitas
372 272 450 312 per
487 263 695 299 consertos
731 263 769 299 et
800 271 972 298 coneccos
1001 255 1168 311 yradus
1205 271 1232 297 a
1263 261 1392 311 patre
1423 254 1662 304 decurrens,
1692 260 1730 296 et

162 327 435 369 monarchiae
467 327 573 368 nihil
601 327 800 382 obstrepit
830 332 867 368 et
897 326 1161 368 oilconomiae
1186 331 1346 367 statam
1373 325 1571 380 protegit.
1624 323 1726 365 ibid.

162 415 200 456 p.
226 400 309 440 238
343 398 366 439 l.
393 400 446 439 18
477 397 553 439 Kr.
579 398 765 453 protulit
794 397 897 439 deus
931 411 1176 447 sermonem,
1212 396 1568 452 quemadmodum
1598 396 1726 438 etiam

161 469 419 510 Paracletus
455 467 521 520 (in
558 468 817 515 Montanus)
850 467 978 516 docet,
1006 469 1115 509 sicut
1137 467 1282 508 ‘radice
1305 466 1529 522 fruticem,
1553 472 1589 508 et
1621 466 1728 522 fons

150 539 357 594 fluuium,
380 544 417 581 et
437 539 499 580 sol
522 538 710 579 radium.
756 552 858 578 nam
881 543 919 579 et
939 537 1047 579 istae
1068 537 1223 592 species
1239 536 1441 592 probolae
1461 542 1557 578 sunt
1579 550 1728 577 earum
1749 552 1769 584 5

161 608 511 658 substantiarum,
529 623 578 650 ex
595 608 745 664 qzu'bus
757 607 980 663 prodeant.
1032 622 1102 648 nec
1120 606 1411 648 dubitauerim
1424 606 1571 662 filium
1589 606 1728 648 dicere

161 685 199 721 et
222 679 384 721 radicis
403 679 615 735 fiuticem
637 684 674 720 et
691 678 833 734 fontis
856 677 1049 733 fluuium
1071 683 1108 719 et
1129 678 1230 718 solis
1252 677 1441 726 radium,
1466 677 1569 732 quia
1592 677 1727 718 omnis

159 750 278 804 oriyo
306 764 470 805 parens
502 755 571 798 est,
595 754 632 790 et
666 762 795 797 omne,
820 747 931 803 quod
965 762 1013 789 ea:
1047 747 1213 802 oriyine
1243 747 1478 803 profertur,
1502 747 1727 802 progenies

159 825 229 861 est.
293 821 346 860 13
379 819 450 860 fin.
477 834 580 860 ‘nam
607 824 645 860 et
673 818 852 860 radium
881 817 982 859 solis
1009 832 1196 859 seorsum
1225 818 1355 859 solem
1384 817 1537 860 uocabo
1553 833 1566 866 ;
1597 817 1726 859 solem

161 895 303 932 autem
335 889 572 938 nominans,
595 889 716 931 cuius
748 893 806 929 est
837 887 1004 937 radius,
1026 902 1109 929 noti
1139 887 1286 929 statim
1320 892 1357 928 et
1389 887 1566 928 radium
1596 886 1726 928 solem
1747 907 1789 930 10

160 958 394 1015 appellabo.
436 974 539 1000 nam
560 973 633 1000 nec
654 958 762 1000 soles
783 957 889 999 duos
909 957 1097 1013 jaciam,
1117 963 1255 999 tamen
1281 962 1318 998 et
1339 956 1469 998 solem
1490 962 1527 998 et
1548 956 1724 998 radium
1779 995 1781 998 ,

159 1031 250 1072 eius
271 1036 360 1072 tam
382 1030 491 1072 duas
519 1045 587 1072 res
616 1035 654 1071 et
681 1029 791 1070 duas
820 1029 977 1084 species
1002 1029 1131 1070 unius
1159 1034 1197 1070 et
1223 1028 1441 1069 indiuisae
1463 1027 1726 1069 substantiae

157 1100 400 1149 numerabo,
423 1115 550 1155 quam
574 1100 698 1141 deum
721 1105 758 1141 et
778 1114 1011 1141 sermonem
1036 1099 1136 1148 eius,
1159 1113 1289 1154 quam
1305 1104 1478 1154 patrem
1501 1104 1538 1139 et
1560 1098 1723 1153 filium.

161 1171 286 1227 Kaye
309 1173 404 1212 504.
429 1172 512 1212 519
536 1185 622 1225 seq.
648 1168 743 1211 527.
803 1169 922 1210 Baur
943 1168 1267 1225 Dreieinigkeib
1290 1180 1305 1208 Ι
1331 1168 1423 1209 176.

248 1252 490 1282 TRADVCES
537 1255 568 1281 e.
595 1239 617 1281 7
641 1239 712 1280 fin.
760 1238 827 1280 De
852 1239 1037 1280 Praescr.
1062 1238 1193 1280 Haer.
1214 1240 1267 1280 32
1287 1253 1340 1279 m.
1364 1237 1538 1279 seminis
1559 1243 1723 1293 aposto·
1745 1256 1786 1288 15

158 1311 235 1353 lici
256 1310 467 1353 traduces.
526 1309 593 1351 De
617 1309 805 1351 Patient.
830 1311 854 1350 5
878 1325 916 1365 p.
942 1308 964 1350 7
990 1309 1014 1350 l.
1040 1311 1094 1349 18
1117 1309 1157 1349 K
1164 1324 1192 1350 r.
1246 1308 1313 1349 De
1343 1307 1506 1348 Anima
1529 1309 1552 1349 9
1575 1322 1613 1363 Ρ.
1638 1309 1719 1348 311

159 1381 184 1422 l.
210 1383 263 1422 18
286 1380 412 1422 Wiss.
465 1380 533 1421 De
555 1381 670 1421 Tcsb.
694 1379 776 1420 An.
800 1381 826 1421 3
848 1394 887 1435 Ρ.
914 1381 996 1420 138
1020 1379 1044 1420 1.
1066 1378 1088 1420 7
1114 1378 1239 1419 Wiss.
1293 1378 1359 1419 De
1383 1376 1523 1419 Carne
1547 1376 1646 1419 Chr.
1667 1378 1720 1417 22

156 1452 236 1492 sui.
261 1453 316 1492 20
338 1465 376 1507 Ρ.
400 1466 454 1492 m.
484 1465 665 1492 neruum
696 1449 1006 1498 umbilicarem,
1029 1448 1153 1504 quasi
1173 1447 1373 1504 folliculi
1397 1447 1466 1488 sui
1490 1446 1719 1488 traducem.

159 1520 282 1561 Vino.
312 1519 425 1561 Vici.
454 1534 519 1575 ap.
549 1518 662 1575 Aug.
687 1518 753 1559 De
787 1518 890 1560 Nat.
921 1524 966 1559 et
999 1517 1117 1574 Orig.
1141 1517 1222 1558 An.
1247 1528 1262 1556 Ι
1297 1516 1349 1557 17
1385 1517 1520 1570 [more
1553 1530 1645 1556 cxx.
1675 1515 1721 1556 in

157 1590 290 1631 index
313 1595 357 1631 130
381 1588 506 1645 Corp.
531 1588 619 1631 Sor.
653 1588 764 1630 Eccl.
793 1588 887 1629 Lab.
910 1588 988 1629 vol.
1013 1599 1073 1628 LX
1102 1586 1152 1628 A.
1177 1586 1256 1640 SM]
1320 1586 1386 1626 De
1411 1585 1527 1626 Pecc.
1552 1584 1669 1641 Orig.
1694 1586 1719 1626 3
1741 1605 1783 1627 20

156 1658 231 1717 §3
295 1659 416 1701 Hier.
439 1659 552 1700 Adu.
577 1659 674 1700 Rus.
694 1670 729 1699 ΙΙ
753 1661 779 1700 4
803 1661 839 1700 8.
900 1658 1085 1701 Caelest.
1110 1657 1258 1714 Symb.
1279 1660 1313 1699 1.
1377 1657 1482 1698 Mar.
1506 1656 1721 1697 Mercator

157 1731 342 1772 Subnob.
368 1729 390 1771 7
416 1732 452 1771 2.
505 1729 648 1771 Rufin.
668 1741 754 1770 XXI
774 1731 878 1771 6268ὺ
899 1729 1060 1785 Migne.
1125 1728 1315 1782 [Ambs'o.
1341 1727 1588 1782 frequently
1609 1743 1616 1767 :
1648 1741 1718 1767 see

158 1801 304 1857 Sbudy
332 1801 379 1842 of
398 1800 569 1842 Ambst.
596 1816 636 1856 Ρ.
667 1802 762 1850 145,
787 1799 988 1856 Ps.-Aug.
1013 1799 1190 1852 Quaesb.
1220 1814 1258 1855 p.
1291 1798 1375 1840 574
1403 1798 1597 1852 (index):
1631 1797 1719 1838 also

160 1871 304 1927 Pel-ag.
348 1870 398 1912 A.
423 1870 485 1924 8.]

246 1956 284 1997 Ρ.
319 1939 421 1982 701.
456 1942 479 1980 2
503 1951 696 1981 MODVLO
730 1939 842 1981 Adu.
882 1940 1004 1981 Prax.
1040 1941 1064 1981 9
1100 1954 1139 1995 p.
1176 1940 1260 1981 239
1298 1939 1322 1980 l.
1361 1940 1413 1980 19
1448 1938 1522 1979 ΚΓ,
1546 1937 1718 1979 necessi-
1738 1957 1782 1989 25

158 2017 243 2054 tate
273 2017 415 2053 autem
445 2010 519 2052 hoc
544 2010 651 2059 dico,
680 2026 775 2053 cum
804 2011 981 2053 eundem
1006 2017 1179 2066 patrem
1209 2016 1247 2052 et
1268 2010 1419 2065 filium
1448 2015 1485 2050 et
1515 2008 1718 2063 spiritum

158 2081 420 2129 contendunt,
465 2080 673 2121 aduersus
720 2080 992 2122 oih‘onomian
1037 2079 1310 2121 monarchiae
1359 2078 1594 2127 adulantes,
1635 2093 1717 2119 non

159 2157 302 2192 tamen
335 2150 586 2192 diuersitate
617 2150 755 2191 alium
786 2150 952 2191 Filium
981 2166 1007 2191 a
1037 2150 1185 2199 Patre,
1207 2150 1279 2191 sed
1312 2148 1617 2197 distributione,
1646 2162 1717 2190 nec

159 2219 373 2261 diuisione
410 2218 558 2267 alium,
594 2218 666 2260 sed
703 2218 980 2268 distinctione,
1017 2220 1122 2274 quia
1158 2234 1241 2260 non
1277 2218 1333 2259 sit
1368 2217 1482 2258 idem
1516 2223 1646 2272 pater
1682 2223 1719 2259 et

150 2288 278 2344 filius
303 2289 370 2329 uel
397 2288 573 2329 modulo
601 2288 716 2329 alius
743 2287 794 2329 ab
823 2288 921 2330 alio.
985 2290 1040 2328 14
1066 2303 1105 2343 Ρ.
1130 2289 1214 2329 250
1244 2287 1267 2328 l.
1293 2289 1345 2327 22
1376 2287 1450 2327 Kr.
1473 2301 1718 2341 consequens
1737 2304 1781 2336 30

158 2358 252 2407 erit,
273 2363 320 2399 ut
347 2357 611 2399 inuisibilem
636 2363 810 2412 patrem
838 2358 1134 2413 intellegyamus
1160 2373 1242 2413 pro
1269 2356 1539 2412 plenitudine
1565 2357 1716 2398 maies-

161 2428 274 2477 tatis,
292 2427 505 2468 uisibilem
527 2442 627 2469 uero
648 2427 814 2468 Filium
836 2442 1115 2483 aynoscamus
1129 2442 1214 2483 pro
1229 2427 1403 2468 modulo
1425 2426 1717 2478 deriuationis,

159 2497 269 2538 sicut
307 2511 381 2537 nec
421 2496 551 2538 solem
596 2497 714 2538 nobis
762 2497 1042 2552 contemplari
1084 2497 1189 2547 licet,
1231 2502 1435 2552 quantum
1478 2495 1536 2537 ad
1577 2497 1717 2551 ipsam

159 2566 418 2607 substantiae
459 2581 684 2616 summam,
721 2581 827 2621 quae
868 2573 928 2608 est
969 2567 1014 2607 in
1057 2567 1196 2615 caelis,
1227 2565 1406 2607 radium
1446 2571 1588 2607 a'utem
1629 2567 1718 2607 eius

160 2635 391 2677 toleramus
413 2636 543 2678 oculis
568 2651 650 2690 pro
674 2641 964 2690 temperatura
987 2636 1211 2690 portionis,
1236 2650 1341 2690 quae
1369 2635 1415 2675 in
1437 2641 1599 2676 terram
1619 2635 1717 2677 inde
1737 2651 1780 2683 35

155 2705 412 2761 porriyitur.
474 2705 586 2746 Adu.
610 2705 739 2746 Mare.
764 2717 814 2745 IV
837 2708 890 2746 18
914 2720 952 2761 Ρ.
977 2704 1061 2746 478
1085 2705 1109 2746 l.
1134 2707 1187 2746 16
1213 2705 1287 2746 Kr.
1307 2705 1462 2761 forma
1479 2705 1719 2760 prophetici

161 2775 325 2816 moduli
346 2775 412 2829 (L.
435 2775 520 2816 and
544 2775 586 2817 S.
609 2775 718 2816 omit
741 2775 816 2817 the
839 2777 865 2817 3
892 2790 1095 2831 passages
1118 2776 1225 2816 from
1255 2775 1371 2816 Terb.
1395 2776 1442 2816 of
1466 2775 1604 2817 which
1627 2776 1716 2817 this

162 2844 250 2885 and
272 2844 395 2885 Prax.
418 2858 490 2885 are
512 2843 558 2885 in
581 2844 709 2897 RW.)
771 2842 908 2900 [Very
929 2844 1049 2885 often
1071 2843 1117 2884 in
1139 2843 1251 2900 Aug.
1275 2844 1325 2885 A.
1350 2843 1413 2898 S.]
