1975 3306
288 89 369 129 446
862 87 1269 129 TERTVLLIANI
1501 90 1563 145 [p.
1592 90 1670 130 130
1692 88 1721 130 l.
1745 90 1856 129 31-

376 219 413 260 p.
451 205 533 245 1:30
566 203 590 244 l.
623 205 675 245 31
713 213 1012 244 DESTRVCTOR
1056 202 1170 245 Adu.
1208 202 1339 245 Marc.
1373 214 1402 243 v
1437 206 1461 244 5
1494 218 1557 259 pr.
1591 206 1643 244 15
1677 203 1738 259 (p.
1769 204 1854 245 628

288 275 311 316 l.
337 274 358 315 7
385 274 481 323 ΚΓ.)
503 274 620 328 (RW
642 273 727 315 cite
750 273 851 329 only
873 273 914 314 h.
937 273 960 314 l.
985 273 1070 314 and
1094 272 1284 315 Cassiod.
1347 273 1416 316 LS
1449 274 1538 315 also
1571 273 1725 323 Hier.).
1787 273 1853 315 De

287 344 484 400 Spectac.
505 346 561 385 30
583 359 624 399 p.
647 345 700 385 29
724 343 749 384 l.
773 345 828 384 14
852 343 978 384 Wiss.
1010 343 1186 385 sabbati.
1249 343 1352 398 [See
1375 344 1503 385 Thes.
1564 343 1616 384 A.
1634 343 1697 398 S.]

375 426 726 456 INTERPOLATOR
776 414 959 470 garbler.
1034 414 1101 456 De
1156 414 1274 456 Culta
1322 414 1441 457 Fem.
1485 427 1501 456 Ι
1544 418 1569 455 8
1621 431 1701 457 non
1755 428 1853 470 erqo

244 501 264 533 5
288 490 446 527 natura
476 484 640 540 optima
667 490 765 526 sunt
791 485 888 534 ista,
910 499 1018 540 quae
1047 500 1074 526 a
1104 484 1178 526 deo
1207 500 1288 526 non
1320 491 1428 534 sunt,
1450 491 1621 528 auctore
1648 491 1853 536 naturae;

284 555 345 597 sic
375 570 401 595 a
433 554 599 596 diabolo
630 569 715 596 esse
752 554 1070 609 intelleyuntur,
1106 554 1157 596 ab
1191 555 1494 610 inteipolatore
1529 561 1722 597 naturae.
1786 554 1852 596 De

285 624 431 666 Anim.
462 626 514 666 16
537 624 609 665 fin.
672 623 739 665 De
772 623 968 679 Spectac.
1001 625 1026 664 2
1060 639 1098 678 p.
1130 626 1156 666 3
1190 624 1214 665 l.
1249 627 1272 666 6
1308 623 1433 665 VViss.
1467 625 1651 666 multum
1682 625 1854 666 interest

283 694 395 736 inter
416 694 703 749 corruptelam
730 700 767 735 et
795 694 1094 748 inteyritatem,
1117 695 1221 749 quia
1248 695 1432 736 multum
1458 701 1517 736 est
1544 695 1656 736 inter
1683 694 1852 736 institu-

284 771 415 807 torem
438 771 475 807 et
496 765 965 820 interpolatorem...(p.
989 766 1016 805 4
1038 765 1061 806 l.
1087 767 1112 805 8
1138 764 1286 818 VViss.)
1306 780 1382 806 nos
1409 765 1556 820 iyitur,
1580 764 1654 820 qui
1682 764 1852 805 domino

220 853 263 876 10
283 836 444 890 coynito
466 835 596 877 etiam
619 834 838 876 aemulum
859 834 948 875 eius
973 834 1248 889 inspeximus,
1270 834 1344 890 qui
1371 834 1613 876 institutore
1641 839 1851 889 comperto

283 911 320 948 et
341 905 694 960 inteipolatorem
714 920 802 946 una
824 904 1191 960 deprehendimus,
1213 919 1285 946 nec
1313 904 1475 945 mirari
1499 919 1628 960 neque
1656 903 1852 946 dubitare

283 983 468 1032 oportet:
515 992 608 1018 cum
650 977 793 1031 ipsum
835 975 1056 1025 hominem,
1099 990 1204 1031 opus
1246 981 1283 1017 et
1324 975 1560 1030 imayinem
1601 974 1681 1024 dei,
1724 975 1851 1016 totius

281 1046 579 1088 uniuersitatis
606 1059 900 1101 possessorem,
932 1043 1015 1085 illa
1045 1045 1115 1086 uis
1146 1045 1468 1099 interpolatoris
1499 1051 1537 1086 et
1569 1044 1850 1086 aemulatoris

283 1115 427 1170 anyeli
468 1115 520 1157 ab
560 1115 685 1156 initio
727 1113 778 1155 de
814 1114 1058 1168 inteyritate
1093 1113 1299 1156 deiecerit.
1378 1114 1444 1155 De
1488 1114 1603 1155 Testa.
1642 1113 1787 1156 Anim.
1824 1116 1848 1156 3

219 1203 260 1235 15
281 1201 320 1242 p.
352 1188 434 1227 138
463 1186 487 1226 l.
520 1188 541 1225 1
574 1184 702 1225 Wiss.
733 1183 932 1226 Satanan
960 1183 1140 1240 denique
1167 1184 1213 1224 in
1243 1184 1359 1225 omni
1385 1184 1606 1226 uexatione
1636 1189 1673 1225 et
1704 1199 1849 1240 asper-

280 1256 449 1297 natione
482 1262 520 1297 et
556 1255 825 1297 detestatione
855 1254 1127 1309 pronuntias,
1162 1269 1283 1309 quem
1321 1269 1394 1296 nos
1430 1254 1613 1296 dicimus
1655 1254 1851 1297 malitiae

281 1327 490 1381 anyelum,
524 1326 650 1367 totius
681 1324 842 1367 erroris
878 1325 1098 1380 artificem,
1131 1325 1258 1366 totius
1289 1324 1449 1367 saeculi
1485 1325 1848 1379 interpolatorem.

281 1397 347 1438 De
381 1397 567 1439 Praeser.
602 1397 731 1437 Haer.
767 1399 789 1437 7
825 1411 865 1451 p.
888 1411 941 1436 m.
963 1395 1120 1452 fuerat
1144 1409 1175 1439 <
1193 1395 1415 1437 Paulus>
1438 1396 1620 1438 Athenis
1651 1402 1689 1438 et
1719 1397 1848 1438 istam

279 1468 538 1523 sapientiam
568 1467 816 1516 humanam,
846 1467 1149 1522 affectatricem
1181 1472 1219 1508 et
1247 1466 1611 1522 interpolatricem
1639 1467 1849 1517 ueritatis,

215 1562 261 1584 20
279 1539 330 1580 cle
362 1539 649 1594 conssressibus
680 1543 868 1587 nouerat,
900 1538 1043 1593 ipsam
1074 1551 1232 1592 (latoque
1264 1538 1307 1578 in
1343 1552 1443 1578 suas
1477 1536 1668 1579 haereses
1703 1538 1847 1579 multi-

278 1609 492 1663 partitam
540 1608 749 1650 uarietate
795 1613 1008 1649 sectarum
1052 1608 1237 1649 inuicem
1283 1608 1625 1662 repuynantium.
1709 1608 1846 1650 Lucis.

279 1678 458 1721 Calarit.
490 1677 702 1719 Moriend.
735 1678 840 1719 Esse
880 1681 901 1719 1
939 1693 980 1734 p.
1018 1679 1103 1718 284
1142 1677 1181 1719 ll.
1221 1679 1335 1718 3——4
1372 1677 1529 1718 Hartel
1565 1679 1848 1734 interpolator

279 1749 475 1791 ueritatis
497 1749 821 1802 (Constantius).
885 1748 1049 1803 [Hien]
1072 1747 1143 1789 Ad
1167 1747 1305 1789 Amic.
1333 1749 1459 1803 Aegr.
1488 1762 1553 1804 ep.
1581 1759 1616 1789 ΙΙ
1639 1750 1696 1802 (=
1715 1750 1761 1801 6)
1791 1750 1846 1790 20

278 1820 327 1871 (t.
363 1831 413 1859 XI
450 1822 516 1873 (2)
561 1817 696 1871 105b).
759 1818 881 1859 Zahn
917 1818 1228 1874 Forschungen
1272 1830 1302 1859 V
1347 1820 1432 1859 310
1476 1818 1544 1872 (cf.
1583 1820 1666 1860 312
1710 1834 1751 1860 n.
1788 1821 1845 1869 2).

214 1910 257 1941 25
278 1889 443 1931 Lucian
482 1888 744 1930 Hermotim.
782 1890 835 1930 59
869 1888 944 1930 καὶ
979 1887 1022 1929 οἱ
1057 1887 1305 1943 φιλόσοφοι
1343 1887 1633 1931 ἀποδίδονται
1669 1887 1724 1930 τὰ
1763 1905 1844 1942 μα-

280 1959 456 2013 θήματα
499 1957 650 2013 ὥσπερ
705 1958 746 2001 οἱ
793 1958 1003 2010 κάπηλοι,
1046 1955 1342 2014 κερασάμενοί
1376 1975 1426 2012 ’γε
1472 1957 1515 2000 οἱ
1560 1958 1726 2001 ’πολλοὶ
1769 1960 1844 2000 καὶ

279 2030 559 2075 δολώσαντες
593 2030 667 2072 καὶ
700 2032 1084 2085 κακομετροῦντες.

367 2116 405 2156 p.
431 2102 513 2141 130
537 2100 563 2141 l.
584 2102 639 2142 32
662 2110 928 2141 EXPRESSOR
960 2099 1062 2140 here
1085 2099 1195 2155 only.

366 2181 580 2212 FVRATOR
613 2168 686 2212 ἅπ.
711 2170 784 2226 εἰρ.

899 2290 1007 2333 CAP.
1047 2291 1222 2333 XLVII

213 2393 258 2435 30
366 2378 444 2421 Ch.
469 2390 601 2419 XLVII
634 2379 685 2420 cf.
708 2378 775 2419 De
800 2378 986 2420 Praeser.
1011 2378 1140 2419 Haer.
1166 2377 1204 2419 7.

364 2464 404 2505 p.
424 2451 507 2490 130
530 2449 554 2489 l.
573 2450 627 2490 :33
646 2449 895 2504 Argumenb
918 2448 1025 2488 from
1048 2447 1272 2504 antiquiby
1294 2463 1326 2489 c.
1353 2449 1405 2489 19
1428 2447 1516 2489 cod.
1542 2447 1664 2489 Fuld.
1727 2449 1775 2489 cf.
1801 2464 1838 2502 p.

278 2521 342 2560 62.
406 2519 471 2560 De
506 2519 690 2560 Praescr.
720 2518 849 2559 Haer.
882 2519 1064 2560 29—32.
1127 2518 1240 2559 Adu.
1265 2518 1387 2559 Prax.
1419 2519 1443 2558 2
1477 2532 1515 2573 p.
1545 2519 1627 2559 229
1662 2517 1738 2560 Kr.
1760 2517 1839 2561 bis.

277 2589 401 2630 Philo
434 2588 539 2630 Vita
570 2588 674 2629 Mos.
712 2599 747 2628 ΙΙ
782 2591 819 2630 4.
881 2588 1052 2644 Ioseph.
1086 2587 1234 2630 Contr.
1267 2587 1423 2643 Apion.
1457 2599 1472 2628 Ι
1504 2602 1537 2629 c.
1571 2589 1636 2629 22.
1700 2586 1837 2630 Clem.

276 2658 399 2700 Alex.
422 2658 582 2700 Strom.
605 2670 619 2698 Ι
645 2661 697 2698 15
724 2655 743 2713 ξ
767 2657 831 2699 72.
867 2659 917 2698 21
950 2656 969 2714 ἓ
993 2660 1086 2699 101.
1123 2659 1176 2698 22
1204 2656 1223 2713 ξ
1247 2659 1341 2699 150.
1374 2669 1404 2697 V
1435 2659 1488 2698 14
1510 2655 1530 2714 ἓ
1552 2659 1617 2700 98.
1680 2657 1836 2699 Iustin.

212 2745 256 2778 35
276 2728 398 2782 Apol.
424 2739 438 2768 Ι
462 2729 517 2768 44
540 2742 578 2782 p.
603 2729 676 2768 81e
698 2742 782 2782 seq.
816 2726 892 2768 καὶ
918 2726 1080 2777 πάντα,
1103 2726 1190 2768 ὅσα
1217 2726 1320 2781 περὶ
1348 2725 1597 2771 ἀθανασίας
1625 2729 1784 2782 ψυχῆς
1810 2726 1837 2780 ἢ

277 2801 496 2854 τιμωριῶν
524 2800 611 2840 τῶν
641 2796 754 2851 μετὰ
784 2797 974 2840 θάνατον
1002 2797 1029 2851 ἢ
1058 2796 1242 2852 θεωρίας
1271 2795 1485 2851 οὐρανίων
1505 2796 1533 2850 ἢ
1561 2798 1650 2839 τῶν
1676 2794 1838 2850 ὁμοίων
