1975 3306
298 181 378 220 100
633 160 635 163 ’
874 174 1279 216 TERTVLLIANI

295 293 497 335 Ceterum
533 292 785 341 daemonas,
823 290 863 331 id
904 295 971 331 est
1005 289 1166 345 genios,
1209 289 1411 330 adiurare
1452 289 1771 340 consueuimus,
1810 294 1862 331 ut

294 372 390 413 illos
428 371 482 413 de
520 370 772 412 hominibus
811 369 1049 424 exigamus,
1090 383 1179 410 non
1218 369 1422 419 deierare,
1463 373 1515 409 ut
1552 369 1612 410 eis
1651 368 1861 410 honorem

295 450 543 491 diuinitatis
573 449 862 490 conferamus.

380 581 454 624 33.
515 581 599 623 Sed
648 580 763 636 quid·
802 595 879 636 ego
926 579 1116 634 amplius
1162 578 1216 619 de
1262 578 1467 634 religione
1514 583 1650 632 atque
1695 577 1862 632 pietate

296 661 543 703 Christiana
578 660 622 701 in
658 659 951 714 imperatore?
1007 672 1139 713 quem
1175 670 1349 697 necesse
1385 660 1452 697 est
1487 655 1776 710 suspiciamus
1812 660 1863 697 ut
1881 674 1902 704 5

296 754 395 781 eum
426 753 558 794 quem
589 738 794 779 dominus
823 742 972 778 noster
1002 736 1143 791 elegit,
1176 740 1228 776 ut
1258 735 1414 775 merito
1445 734 1653 776 dixerim:
1702 734 1863 775 Noster

296 822 363 858 est
396 817 535 872 magis
570 816 740 866 Caesar,
777 830 802 856 a
836 820 987 856 nostro
1023 814 1104 856 deo
1140 813 1423 855 constitutus.
1485 813 1645 868 Itaque
1679 818 1731 854 ut
1765 827 1862 854 meo

296 894 394 950 plus
413 909 489 950 ego
507 894 567 935 illi
586 908 740 949 operor
756 893 802 934 in
819 892 1021 942 salutem,
1041 891 1258 947 siquidem
1275 905 1364 932 non
1382 891 1523 932 solum
1542 890 1597 932 ab
1616 905 1665 932 eo
1683 890 1860 946 postulo

297 987 394 1014 eam
426 972 501 1028 qui
534 976 682 1027 potest
713 975 950 1026 praestare,
984 975 1064 1011 aut
1096 969 1216 1025 quod
1247 968 1349 1010 talis
1380 968 1556 1024 postulo
1589 968 1664 1023 qui
1696 982 1863 1009 merear

295 1052 546 1106 impetrare,
569 1049 645 1091 sed
667 1049 801 1090 etiam
822 1048 942 1103 quod
963 1053 1214 1103 temperans
1235 1047 1514 1088 maiestatem
1535 1046 1729 1088 Caesaris
1748 1046 1863 1088 infra
1883 1063 1927 1085 10

297 1129 428 1170 deum
464 1127 603 1183 magis
637 1127 761 1168 illum
797 1126 1057 1168 commendo
1093 1126 1188 1176 deo,
1227 1125 1296 1166 cui
1332 1125 1410 1167 soli
1446 1124 1626 1166 subicio.
1687 1125 1862 1167 Subicio

297 1213 447 1248 autem
471 1206 546 1247 cui-
562 1220 649 1247 non
674 1205 889 1260 adaequo.
951 1204 1052 1245 Non
1075 1204 1191 1245 enim
1213 1204 1346 1245 deum
1368 1203 1679 1259 imperatorem
1702 1203 1860 1254 dicam,

297 1286 366 1327 uel
392 1285 497 1340 quia
521 1284 696 1325 mentiri
722 1283 879 1334 nescio,
907 1283 977 1324 uel
1002 1282 1105 1337 quia
1129 1282 1252 1323 illum
1278 1282 1473 1323 deridere
1497 1296 1586 1323 non
1611 1282 1765 1333 audeo,
1792 1282 1862 1323 uel

299 1367 402 1421 quia
425 1380 505 1406 nec
527 1365 620 1420 ipse
642 1379 688 1406 se
711 1364 843 1406 deum
866 1364 988 1405 uolet
1010 1363 1108 1405 dici.
1171 1363 1214 1404 Si
1238 1363 1369 1404 homo
1393 1364 1462 1414 sit,
1488 1363 1672 1405 interest
1695 1363 1862 1405 homini

298 1448 379 1489 deo
406 1447 569 1489 cedere.
632 1445 748 1487 Satis
773 1445 938 1487 habeat
962 1444 1172 1500 appellari
1197 1445 1449 1499 imperator.
1512 1444 1687 1486 Grande
1713 1450 1757 1486 et
1782 1445 1864 1486 hoc
1885 1459 1927 1490 15

299 1543 460 1571 nomen
483 1534 561 1579 est,
587 1527 707 1583 quod
728 1541 753 1568 a
775 1527 856 1568 deo
879 1526 1084 1568 traditur.
1145 1525 1291 1581 Negat
1311 1526 1434 1567 illum
1455 1526 1766 1581 imperatorem
1789 1526 1864 1581 qui

300 1612 431 1653 deum
464 1611 593 1660 dicit,
643 1609 726 1650 nisi
759 1609 891 1650 homo
924 1609 982 1650 sit
1014 1622 1101 1649 non
1137 1613 1204 1649 est
1234 1608 1487 1663 imperator.
1548 1607 1786 1650 Hominem
1819 1622 1864 1649 se

300 1707 390 1734 esse
423 1692 557 1733 etiam
590 1690 870 1745 triumphans
901 1690 946 1731 in
977 1690 1050 1731 illo
1082 1689 1392 1731 sublimissimo
1425 1704 1553 1731 curru
1585 1690 1861 1731 admonetur.

301 1773 555 1829 Suggeritur
589 1772 704 1813 enim
739 1772 777 1813 ei
811 1786 836 1813 a
870 1777 1014 1827 tergo:
1067 1770 1252 1826 Respice
1286 1776 1387 1826 post
1420 1771 1486 1813 te!
1548 1771 1786 1813 Hominem
1820 1776 1864 1812 te

300 1854 545 1896 memento!
608 1854 669 1895 Et
694 1853 848 1908 utique
874 1853 956 1894 hoc
982 1852 1119 1907 magis
1144 1851 1309 1907 gaudet
1335 1857 1463 1894 tanta
1488 1867 1534 1893 se
1559 1852 1693 1908 gloria
1720 1867 1863 1894 corus-
1884 1867 1930 1888 20

300 1952 410 1987 care,
443 1943 495 1978 ut
523 1936 584 1978 illi
614 1936 858 1977 admonitio
890 1935 1156 1976 condicionis
1186 1949 1290 1976 suae
1320 1935 1378 1976 sit
1407 1936 1661 1977 necessaria.
1723 1935 1865 1977 Minor

301 2024 407 2069 erat,
441 2018 476 2059 si
508 2023 615 2059 tunc
646 2017 753 2058 deus
784 2017 1015 2066 diceretur,
1049 2016 1152 2071 quia
1183 2030 1271 2057 non
1303 2030 1405 2056 uere
1435 2016 1664 2058 diceretur.
1726 2016 1865 2058 Maior

303 2106 369 2141 est
399 2099 474 2154 qui
504 2103 750 2148 reuocatur,
783 2111 838 2138 ne
867 2111 912 2138 se
942 2096 1073 2138 deum
1105 2096 1339 2137 existimet.

386 2226 461 2269 34.
521 2226 760 2282 Augustus,
788 2225 959 2280 imperii
985 2224 1212 2275 formator,
1240 2238 1294 2265 ne
1320 2224 1547 2266 dominum
1575 2225 1753 2280 quidem
1779 2224 1864 2266 dici

303 2323 346 2349 se
387 2308 588 2358 uolebam
647 2313 691 2349 et
731 2307 813 2348 hoc
853 2307 968 2347 enim
1009 2306 1077 2347 dei
1119 2312 1185 2347 est
1225 2320 1478 2361 cognomen.
1539 2306 1696 2348 Dicam
1735 2307 1864 2362 plane
1883 2323 1928 2354 25

303 2391 613 2444 imperatorem
647 2389 888 2438 dominum,
925 2388 1001 2429 sed
1034 2402 1153 2428 more
1187 2387 1422 2438 communi,
1457 2387 1532 2428 sed
1566 2388 1743 2443 quando
1776 2403 1865 2430 non

305 2486 446 2526 cogor,
485 2477 534 2513 ut
568 2471 796 2512 dominum
831 2470 900 2511 dei
934 2470 1029 2511 uice
1063 2469 1220 2510 dicam.
1282 2468 1484 2510 Ceterum
1517 2468 1626 2510 liber
1658 2484 1755 2511 sum
1789 2470 1863 2512 illi.

305 2553 521 2594 Dominus
545 2554 660 2594 enim
685 2567 808 2594 meus
830 2566 945 2593 unus
969 2556 1047 2601 est,
1073 2546 1181 2592 deus
1204 2551 1483 2605 omnipotens
1506 2556 1722 2601 aeternus,
1747 2551 1864 2592 idem

307 2634 381 2688 qui
413 2639 457 2674 et
486 2634 634 2688 ipsius.
697 2633 781 2683 Qui
812 2638 938 2688 pater
968 2631 1138 2687 patriae
1169 2636 1247 2681 est,
1281 2630 1502 2685 quomodo
1533 2631 1737 2673 dominus
1768 2633 1861 2673 est?

307 2714 391 2755 Sed
430 2719 474 2755 et
511 2714 678 2769 gratius
716 2719 782 2755 est
818 2727 978 2754 nomen
1017 2712 1195 2767 pietatis
1234 2725 1367 2766 quam
1405 2712 1652 2766 potestatis.
1714 2712 1863 2754 Etiam
1883 2732 1930 2765 30

307 2794 498 2836 familiae
522 2794 660 2849 magis
685 2800 832 2849 patres
857 2808 990 2849 quam
1015 2792 1180 2834 domini
1205 2797 1434 2834 uocantur.
1496 2792 1639 2834 Tanto
1663 2793 1790 2846 abest
1814 2798 1865 2835 ut

306 2876 546 2930 imperator
575 2875 682 2916 deus
710 2874 871 2916 debeat
899 2874 997 2923 dici,
1029 2873 1148 2929 quod
1176 2887 1264 2914 non
1294 2878 1442 2928 potest
1471 2873 1585 2915 credi
1615 2889 1703 2916 non
1733 2876 1864 2917 modo
