1975 3306
190 139 231 181 p.
257 128 311 167 24
334 126 361 169 1.
387 127 458 181 27]
722 127 1169 170 APOLoGETlcvs
1203 129 1225 170 7
1680 129 1759 169 189

189 242 469 284 concussione
492 243 540 284 of
565 242 650 299 dig.
669 263 705 278 =
724 243 826 299 περὶ
849 242 1127 296 διασεισμῶν
1150 243 1197 284 of
1215 242 1404 284 Basilica
1425 242 1511 284 and
1536 242 1759 299 Egyptian

189 312 374 368 papyri).

280 393 528 424 DOMESTICI
551 382 606 424 ad
628 390 716 425 nah.
738 386 758 424 1
787 383 809 425 7
835 399 873 440 p.
899 386 953 425 68
974 386 1028 425 28
1046 399 1106 440 sq.
1126 383 1253 425 Wiss.
1272 383 1598 426 domesticorum
1620 384 1758 426 curio-

191 452 298 493 sitas
308 452 472 508 farma
501 459 560 495 est
582 468 665 509 per
694 453 881 495 rimulas
910 460 948 496 et
976 469 1196 496 cciuernas.
1259 453 1395 510 quid?
1426 469 1521 495 cum
1542 453 1761 496 domestici

192 536 284 563 eros
305 522 422 564 uobis
440 523 702 578 proderent?
763 524 983 579 Athenag.
1007 524 1147 580 suppl.
1172 526 1226 566 35
1250 523 1367 565 cited
1390 524 1538 566 below.
1597 523 1759 566 Oehler
1778 542 1797 573 5

193 593 277 634 319
300 599 306 612 ‘
325 592 501 635 seruus.⁷
565 593 705 635 Blunt
728 592 869 650 Right
892 594 983 636 Use
1007 594 1192 636 377—8.

280 678 319 719 p.
344 665 399 704 24
422 663 446 706 1.
471 663 523 705 27
547 675 845 705 OPPRIMIMVR
877 670 959 706 cet.
993 663 1211 720 Bingham
1247 676 1313 705 xx
1349 666 1372 705 2
1397 666 1422 705 8
1445 663 1516 705 fin.
1551 664 1652 705 Eus.
1679 676 1708 705 v
1734 667 1755 705 1

191 732 211 790 ξ
244 735 298 774 14
329 735 537 790 (martyrs
571 734 619 775 of
648 733 793 790 Lyons
824 734 910 776 and
944 734 1134 789 Vienne)
1169 734 1569 788 συνελαμβάνοντο
1604 734 1649 776 δὲ
1683 735 1758 777 καὶ

193 802 361 846 ἐθνικοί
391 822 505 850 τινες
538 804 706 848 οἰκέται
740 807 827 847 τῶν
859 804 1094 859 ἡμετέρων,
1121 805 1218 847 ἐπεὶ
1248 804 1442 863 δημοσίᾳ
1472 804 1707 848 ἐκέλευσεν
1737 803 1758 848 ὁ

191 875 365 930 ἡγεμὼν
399 874 717 929 (ι’ναζητεῖσθαι
750 876 928 922 πάντας
962 877 1095 929 ἡμᾶς·
1141 875 1184 917 οἳ
1214 876 1290 918 καὶ
1325 875 1423 918 κατ’
1461 875 1640 932 ἐνέδραν
1678 879 1758 919 τοῦ
1779 896 1822 919 10

194 946 385 994 Σατανᾶ,
423 945 696 1002 φοβηθέντες
738 945 814 991 τὰς
852 946 1084 995 βασάνους
1127 945 1178 991 (ἲς
1221 945 1323 991 τοὺς
1364 944 1516 1000 ἁγίους
1560 946 1759 998 ἔβλεπον

192 1015 474 1073 πάσχοντας,
508 1018 596 1059 τῶν
629 1018 922 1068 στρατιωτῶν
954 1016 1028 1059 ε’πὶ
1063 1018 1196 1058 τοῦτο
1232 1015 1568 1072 παρορμώντων
1599 1015 1760 1063 αὐτοὺς

194 1084 541 1141 κατεψεύσαντο
574 1086 697 1139 ἡμῶν
730 1085 956 1128 Θυέστεια
986 1086 1142 1128 δεῖπνα
1172 1086 1246 1128 καὶ
1280 1084 1589 1131 Οἰδιποδειόυς
1619 1085 1761 1140 μίξεις

193 1154 269 1197 καὶ
291 1154 377 1197 ὅσα
397 1154 508 1208 μήτε
529 1158 690 1198 λαλεῖν
710 1155 822 1210 μήτε
844 1159 958 1198 νοεῖν
977 1154 1099 1209 θέμις
1117 1156 1232 1209 ἡμῖν,
1248 1153 1371 1196 ἀλλὰ
1387 1154 1499 1208 μηδὲ
1517 1155 1760 1204 πιστεύειν,

194 1226 234 1267 εἴ
264 1242 307 1267 τι
339 1227 513 1267 τοιοῦτο
545 1225 730 1268 πώποτε
762 1224 886 1282 παρὰ
921 1224 1175 1280 ἀνθρώποις
1207 1224 1394 1279 ἐγένετο.
1458 1223 1477 1281 ξ
1504 1228 1556 1266 15
1591 1224 1759 1268 τούτων
1780 1244 1821 1275 15

195 1294 238 1337 δὲ
271 1294 586 1349 φημισθέντων
617 1293 781 1339 πάντες
814 1293 1196 1351 ἀπεθηριώθησαν
1229 1294 1288 1339 εἰς
1318 1295 1443 1348 ἡμᾶς,
1471 1293 1588 1338 ὥστε
1617 1295 1691 1337 καὶ
1722 1297 1762 1338 εἴ

196 1382 309 1409 τινες
352 1363 402 1407 τὸ
444 1363 663 1421 πρότερον
706 1363 762 1406 δι’
806 1364 1056 1417 οἰκειότητα
1101 1364 1366 1420 ἐμετρίαζον,
1410 1363 1511 1406 τότε
1552 1366 1759 1420 μεγάλως

196 1433 502 1491 ἐχαλέπαινον
534 1434 610 1476 καὶ
640 1433 891 1491 διεπρίοντο
922 1433 1026 1476 καθ’
1057 1434 1194 1487 ἡμῶν.
1258 1433 1477 1490 Athenag.
1500 1436 1554 1476 35
1587 1434 1654 1479 τίς
1683 1435 1759 1477 οὖν

197 1504 243 1547 εὖ
276 1507 448 1559 φρονῶν
481 1506 599 1547 εἴποι
631 1503 855 1549 τοιούτους
888 1505 1019 1550 ὄντας
1051 1505 1163 1558 ἡμᾶς
1197 1502 1494 1560 ἀνδροφόνους
1527 1503 1662 1554 εἶναι;
1708 1507 1757 1549 οὐ

196 1573 281 1630 τγὰρ
301 1573 400 1617 ἔστι
417 1575 659 1617 πάσασθαι
676 1577 815 1631 κρεῶν
832 1573 1129 1628 α’νθρωπικῶν
1144 1572 1205 1627 μὴ
1224 1572 1443 1630 πρότερον
1465 1572 1760 1618 ἀποκτείνασί
1778 1596 1823 1618 20

197 1663 308 1687 τινα.
373 1644 422 1687 τὸ
457 1644 673 1702 πρότερον
709 1645 784 1688 οὖν
816 1643 1101 1700 ψευδόμενοι,
1136 1643 1185 1686 τὸ
1221 1643 1425 1700 δεύτερον
1461 1645 1543 1687 κᾶν
1576 1647 1655 1699 μέν
1693 1664 1758 1691 τις

197 1713 358 1760 αὐτοὺς
391 1713 545 1771 ἔρηται
578 1714 616 1757 εἰ
647 1714 900 1770 ἑωράκασιν
933 1712 960 1755 ἃ
992 1715 1216 1768 λέγουσιν,
1242 1713 1383 1759 οὐδεὶς
1416 1714 1555 1760 οὕτως
1587 1715 1757 1772 απηρυ-

199 1783 462 1839 θριασμένος
492 1784 549 1829 ὡς
578 1784 717 1827 εἰπεῖν
747 1783 867 1826 ἰδεῖν.
932 1782 1079 1826 καίτοι
1108 1784 1184 1825 καὶ
1213 1782 1369 1826 δοῦλοί
1393 1784 1505 1826 εἰσιν
1530 1785 1645 1837 ἡμῖν,
1667 1788 1757 1830 τοῖς

196 1853 275 1907 μὲν
303 1853 377 1895 καὶ
406 1852 589 1899 πλείους
620 1856 713 1899 τοῖς
746 1852 791 1895 δὲ
818 1853 1044 1903 ἐλάττους,
1068 1853 1141 1898 οὓς
1164 1853 1244 1894 οὐκ
1274 1850 1372 1895 ἔστι
1400 1853 1571 1895 λαθεῖν.
1635 1851 1758 1895 ἀλλὰ

198 1924 273 1965 καὶ
296 1923 464 1965 τούτων
487 1922 626 1968 οὐδεὶς
648 1922 751 1965 καθ’
781 1923 904 1976 ἡμῶν
930 1921 985 1965 τὰ
1012 1925 1265 1974 τηλικαῦτα
1295 1920 1393 1964 οὐδὲ
1423 1922 1754 1978 κατεψεύσατο.
1776 1943 1820 1975 25

199 1994 270 2037 οὓς
292 1992 377 2050 «γὰρ
402 1995 555 2036 ἴσασιν
579 1992 666 2036 οὐδ’
691 1992 796 2036 ἰδεῖν
820 1993 902 2035 κᾶν
924 1992 1105 2037 δικαίως
1127 1990 1421 2049 φονευόμενον
1444 1991 1757 2046 ὑπομένοντας,

198 2064 368 2106 τούτων
390 2063 456 2109 τίς
474 2063 527 2106 ἂν
546 2065 750 2106 κατείποι
771 2062 798 2117 ἢ
817 2062 1111 2119 ἀνδροφονίαν
1128 2062 1154 2116 ἢ
1173 2061 1574 2117 (ἷνθρωποβορίαν;
1598 2063 1755 2105 Iustin.

199 2134 307 2190 apol.
341 2145 376 2174 II
410 2136 463 2174 12
502 2148 598 2189 says
632 2133 731 2175 that-2
765 2133 904 2175 slaves
938 2133 1024 2174 and
1058 2132 1253 2174 children
1288 2132 1374 2173 and
1408 2147 1587 2182 women,
1618 2133 1758 2174 under

200 2209 380 2253 tortum,
402 2204 624 2245 confessed
646 2204 770 2245 these
792 2203 959 2245 crimes.
1021 2203 1075 2244 ad
1096 2208 1185 2244 nab.
1210 2214 1225 2243 Ι
1250 2202 1272 2244 ’7
1297 2217 1336 2258 p.
1357 2204 1410 2244 69
1437 2204 1489 2243 18
1514 2202 1639 2244 Wiss.
1663 2204 1757 2258 quis

198 2289 405 2330 umquam
426 2280 568 2316 tamen
589 2289 742 2316 semeso
772 2274 980 2317 cadaueri
1007 2273 1285 2328 superuenit?
1345 2273 1440 2327 quis
1467 2273 1512 2313 i‘n
1541 2279 1755 2316 cruentato
1775 2295 1823 2327 30

191 2359 308 2400 pane
348 2344 533 2399 uestiyia
573 2344 765 2386 dentium
805 2344 1112 2400 deprehendit?
1179 2344 1274 2398 quis
1316 2342 1496 2385 tenebris
1537 2345 1755 2398 repentino

201 2415 359 2457 lumine
399 2415 589 2470 inruptis
629 2414 840 2456 inmunda
881 2414 1042 2469 aliqua,
1075 2428 1126 2455 ‘tie
1167 2413 1352 2455 dixerim
1386 2413 1557 2462 incesta,
1591 2413 1758 2456 indicia

200 2484 472 2539 recoynouit?
533 2484 558 2524 l.
587 2485 639 2526 16
666 2498 752 2539 seq.
784 2482 896 2538 quod
927 2484 1074 2532 sciam,
1106 2488 1144 2525 et
1176 2482 1438 2524 conuersatio
1469 2482 1609 2524 notior
1628 2482 1758 2538 facta

201 2560 259 2596 est
267 2570 281 2605 ;
312 2554 429 2596 scitis
451 2559 488 2596 et
510 2554 600 2596 dies
628 2559 908 2596 conuentuum
937 2558 1177 2594 nostrorum
1183 2567 1199 2602 ;
1230 2552 1374 2607 itaque
1398 2557 1436 2593 et
1457 2550 1697 2593 obsidemur
1718 2559 1757 2595 et

202 2624 501 2680 opprimimur,
532 2629 570 2665 et
599 2623 646 2664 in
676 2623 785 2678 ipsis
816 2622 992 2664 arcanis
1022 2620 1413 2676 coizyreyationibus
1446 2620 1749 2663 detinemur....
1773 2639 1820 2672 35

203 2695 256 2734 22
291 2695 345 2735 23
379 2692 495 2734 cited
527 2693 675 2734 below.
737 2691 899 2734 Minue.
932 2693 956 2733 9
989 2688 1009 2747 ἓ
1038 2693 1062 2731 5
1100 2689 1208 2731 with
1240 2689 1316 2731 the
1347 2690 1470 2746 reply
1505 2692 1559 2731 28
1590 2689 1629 2747 §g
1658 2693 1682 2732 2
1717 2693 1754 2732 5.

200 2776 234 2803 c.
267 2763 334 2804 30.
1619 2780 1625 2787 ·

290 2846 328 2888 p.
360 2833 415 2872 24
444 2831 469 2874 l.
500 2831 553 2873 27
577 2831 620 2874 ff.
646 2830 806 2872 Minue.
832 2831 886 2871 28
915 2828 934 2886 ἓ
957 2831 981 2870 2
1005 2828 1263 2879 Christ-dans,
1292 2828 1421 2870 while
1447 2836 1524 2885 yet
1553 2829 1756 2879 heabhen‚
