1975 3306
129 160 172 202 p.
196 149 250 189 44
272 146 299 189 l.
326 147 395 201 32]
598 146 1042 189 APOLOGETIOVS
1079 148 1142 196 12,
1182 147 1231 188 13
1608 147 1690 188 229

129 263 244 319 ipsos
275 264 428 312 uultus,
454 263 576 306 modo
607 263 784 304 momina
817 278 893 305 ora
922 262 1160 318 depiozyeoe,
1190 261 1366 304 barbam
1396 261 1534 304 oculos
1564 276 1690 303 nasos

129 332 323 388 aliasque
344 347 484 375 omnes
506 339 666 389 partes,
688 333 732 374 in
757 347 1039 388 quascumque
1059 347 1101 374 se
1123 332 1323 374 detulerit
1344 331 1562 374 deonerati·
1586 346 1688 386 pro-

131 402 268 443 lum'es
282 402 483 457 podicis?
544 401 661 443 Lact.
686 413 721 442 ΙΙ
744 404 770 442 4
792 400 831 459 ἐξ
856 403 980 443 1-3.
1012 413 1043 442 V
1068 403 1120 442 12
1143 399 1182 458 ἐξ
1206 404 1258 442 12
1286 403 1349 443 13.
1408 400 1543 444 Clem.
1567 401 1688 442 Alex.

131 471 323 528 Protrep.
345 471 365 528 ξ
395 475 446 514 51
479 487 518 528 p.
551 474 616 513 45.
644 470 663 528 ξ
694 474 747 513 52
774 487 814 528 p.
839 474 893 514 46
916 472 1071 526 (about
1094 470 1332 528 Olympian
1354 471 1477 521 Zeus,
1502 470 1688 527 Serapis,

128 542 241 595 cet).
316 541 418 583 Hor.
456 541 499 584 S.
535 553 549 582 Ι
588 544 613 582 8
649 541 792 583 37—8
827 542 1008 584 mentior
1042 548 1087 583 at
1128 542 1167 583 si
1207 540 1324 597 quid,
1359 541 1521 584 merdis
1562 547 1728 596 caput5

127 612 326 667 inquiner
356 612 466 654 albis
498 627 732 654 cornorum.
795 612 1041 654 Theodoret
1074 613 1129 653 H.
1150 613 1197 655 E.
1230 624 1260 653 V
1294 615 1348 653 22
1387 613 1511 654 when
1550 613 1687 653 Theo-

128 682 275 739 philus
313 683 371 739 bp
412 683 680 725 Alexandria
716 695 802 725 A.D.
839 685 924 725 390
962 683 1049 724 laid
1086 683 1162 724 the
1200 698 1279 724 axe
1313 689 1358 725 to
1391 682 1567 739 Serapis
1602 682 1688 724 and

128 753 278 794 struck
311 753 374 794 off
400 753 467 794 his
500 753 635 795 head:
676 752 782 808 μύες·
815 751 1035 807 (ἷνγεληδὸν
1067 751 1306 809 ἐξέδραμον
1339 752 1531 795 ἔνδοθεν·
1565 753 1688 806 μυῶν

128 821 214 879 «γὰρ
232 822 484 877 οἰκητήριον
502 821 553 873 ἦν
572 821 592 865 ὁ
612 821 873 877 Αἰγυπτίων
897 821 1005 867 θεός.
1049 822 1221 864 Baruch
1246 824 1269 864 6
1295 824 1478 863 20-22.
1522 822 1686 863 Lucian

129 893 281 934 Gallus
314 895 368 933 24
392 894 416 934 f.
480 894 592 949 Aug.
636 892 681 934 in
715 893 780 934 Ps.
822 895 904 934 113
943 892 1080 935 Serm.
1119 895 1143 933 2
1182 908 1214 934 c.
1254 894 1277 933 2
1310 907 1408 949 pm.
1447 895 1515 946 (IV
1554 890 1752 934 1798d10

130 963 328 1017 Gaume).
393 962 557 1004 Lucian
582 962 708 1019 Iupp.
732 963 856 1019 Trag.
881 965 917 1004 8.

217 1048 256 1090 p.
279 1035 336 1074 44
368 1033 392 1074 l.
425 1035 478 1074 25
512 1043 836 1074 INTELLEGVNT
868 1032 975 1074 Idol.
1000 1034 1050 1073 21
1076 1047 1137 1088 pr.
1161 1032 1419 1092 ‚timiditatis
1449 1037 1508 1073 est
1536 1037 1686 1080 autem,

128 1119 223 1146 cum
245 1110 281 1146 te
303 1104 420 1145 alius
435 1118 517 1159 pei·
538 1102 635 1145 deos
656 1118 752 1145 suos
784 1102 943 1158 obliyat
971 1102 1189 1144 iuratione
1214 1102 1282 1144 uel
1311 1102 1461 1158 aliqua
1490 1101 1686 1156 testifica-

127 1174 248 1223 tione,
271 1180 309 1216 et
330 1180 387 1223 tei,
408 1189 460 1215 oze
480 1174 758 1229 intelleyari&
780 1174 968 1229 quiescis.

216 1259 255 1300 p.
279 1245 335 1284 44
357 1243 380 1285 l.
407 1242 459 1284 27
484 1255 619 1285 CERT1
651 1258 683 1285 o.
706 1243 826 1284 infin.
851 1245 875 1285 9
899 1258 939 1299 p.
962 1245 1019 1285 34
1043 1246 1066 1284 5
1090 1258 1129 1284 n.
1708 1255 1750 1287 15

217 1325 343 1363 QvoD
376 1325 473 1355 NON
507 1325 587 1354 EST
618 1328 651 1355 c.
686 1315 741 1355 10
772 1328 812 1370 p.
845 1315 900 1356 36
934 1314 959 1355 l.
994 1315 1059 1355 13.
1122 1313 1176 1354 ad
1208 1319 1296 1354 nat.
1329 1324 1346 1353 1
1380 1314 1434 1354 10
1460 1327 1499 1368 p.
1528 1312 1581 1353 75
1613 1312 1637 1354 l.
1661 1313 1685 1354 6

129 1384 256 1425 Wiss.
286 1383 373 1425 nisi
401 1383 512 1438 quod
537 1383 748 1437 perinde:
780 1397 855 1424 ‘nos
880 1383 992 1425 enim
1013 1388 1314 1438 contemptores
1335 1382 1510 1424 deorum
1540 1381 1688 1423 haberi

126 1454 252 1495 ‘nulla
282 1453 396 1495 ratio
429 1458 499 1502 est,
520 1453 622 1508 quia
646 1467 763 1494 nemo
785 1453 1010 1495 contemnit
1031 1453 1141 1508 quod
1168 1453 1276 1494 sciat
1298 1452 1466 1494 omnino
1488 1467 1569 1493 non
1591 1466 1686 1494 esse.

128 1523 238 1579 quod
261 1523 429 1565 omnino
452 1528 521 1571 est,
545 1522 594 1564 iol
617 1522 824 1564 contemni
839 1528 985 1577 potest,
1008 1522 1118 1577 quod
1139 1523 1251 1563 nihil
1280 1528 1339 1563 est
1367 1521 1479 1562 nihil
1502 1522 1684 1577 patitur.

128 1593 183 1635 St
216 1593 323 1634 Paul
358 1596 380 1634 1
414 1592 510 1635 Cor.
541 1594 566 1633 8
590 1595 616 1632 4
648 1607 703 1632 an
733 1591 820 1632 idol
849 1591 885 1633 is
917 1592 1105 1649 nothing
1135 1592 1181 1633 in
1210 1592 1286 1634 the
1318 1591 1459 1632 world.
1522 1591 1685 1633 Athan.
1705 1607 1750 1629 20

129 1662 277 1705 Contr.
310 1661 476 1704 Gentes
508 1661 562 1703 47
596 1662 632 1715 (I
667 1663 741 1703 96ὃ
773 1660 943 1717 Migne)
980 1661 1094 1715 ὅμως
1127 1660 1357 1717 ἄνθρωποι
1391 1661 1685 1718 παράφρονες,

128 1730 577 1789 παραγκωνισάμενοι
609 1729 690 1783 τὴν
721 1729 833 1787 πρὸς
865 1733 1021 1773 τοῦτον
1051 1731 1219 1785 νγνῶσιν
1251 1730 1325 1772 καὶ
1359 1729 1602 1779 εὐσέβειαν,
1631 1729 1685 1772 τὰ

127 1801 207 1845 οὐκ
240 1803 348 1844 ὄντα
378 1800 466 1856 πρὸ
490 1802 577 1842 τῶν
609 1801 747 1843 ὄντων
777 1798 1014 1852 ἐτίμησαν·
1048 1801 1124 1842 καὶ
1157 1799 1254 1843 ἀντὶ
1285 1803 1364 1843 τοῦ
1396 1801 1532 1845 ὅντως
1563 1801 1686 1844 ὄντος

128 1875 244 1916 Θεοῦ
267 1872 323 1916 τὰ
344 1872 403 1927 μὴ
427 1872 534 1915 ὄντα
556 1872 863 1924 ἐθεοποίησαν.

778 2037 885 2081 ΟΑΡ.
918 2038 1037 2079 XIII

215 2168 254 2209 p.
277 2154 333 2193 44
356 2153 380 2194 1.
405 2154 458 2194 29
492 2163 628 2193 NOBIS
660 2164 740 2193 DEI
772 2164 890 2194 SVNT
922 2154 970 2195 cf.
994 2169 1026 2195 c.
1052 2155 1106 2194 10
1129 2168 1189 2209 ΡΥ.
1212 2168 1250 2209 p.
1275 2154 1330 2194 36
1354 2153 1377 2194 1.
1404 2152 1468 2194 17.
1703 2168 1747 2200 25

215 2234 242 2263 Ε
276 2233 539 2264 CONTRARIO
581 2221 669 2264 Cio.
712 2222 832 2264 Caes.
876 2222 987 2278 Nep.
1027 2222 1211 2275 Quintil.
1244 2223 1353 2276 (also
1389 2223 1434 2263 in
1473 2238 1575 2271 mm,
1607 2238 1686 2278 per

127 2293 248 2346 -um).
311 2291 444 2334 Clem.
476 2307 644 2348 recogn.
666 2303 701 2332 ΙΙ
726 2294 778 2334 16
802 2307 863 2348 ΡΥ.
888 2294 942 2334 23
966 2295 1031 2335 29.
1066 2304 1120 2333 111
1143 2295 1168 2334 3
1195 2294 1258 2334 19.
1293 2304 1323 2333 V
1346 2295 1400 2334 32
1424 2308 1484 2348 ΡΥ.
1517 2304 1586 2333 VII
1609 2295 1635 2334 4
1658 2293 1684 2334 f.

127 2373 216 2402 VIII
240 2364 304 2403 53.
359 2361 477 2416 [And
499 2362 618 2403 often
639 2361 685 2402 in
707 2362 795 2402 late
817 2361 996 2402 authors
1019 2365 1109 2414 (see
1132 2362 1278 2415 Thes.)
1301 2363 1351 2403 A.
1375 2361 1437 2416 S.]

214 2446 253 2487 p.
286 2433 342 2472 44
373 2432 399 2474 l.
432 2433 487 2473 30
529 2442 811 2472 IRRELIGIOSI
846 2445 878 2472 c.
918 2433 972 2472 28
1004 2446 1043 2487 p.
1082 2433 1137 2473 94
1169 2432 1194 2472 l.
1233 2433 1285 2473 16
1319 2430 1423 2473 adeo
1456 2437 1493 2473 et
1528 2432 1571 2472 in
1602 2432 1681 2473 isto

126 2501 363 2556 irreliqiosi
393 2516 496 2555 eryci
529 2501 627 2542 deos
662 2506 820 2542 uestros
851 2500 1234 2556 deprehendemini.
1297 2500 1474 2543 Exhort.
1505 2500 1621 2543 Cast.
1645 2503 1682 2543 3.
1702 2518 1748 2550 30

127 2570 181 2611 de
204 2576 309 2611 orat.
333 2571 387 2610 12
410 2570 480 2611 fin.
525 2570 629 2611 -itcts
650 2569 776 2625 Apol.
800 2571 854 2609 24
876 2584 912 2611 a.
935 2585 990 2611 m.
1013 2569 1099 2610 and
1123 2569 1230 2611 med.
1256 2570 1359 2624 [and
1383 2572 1435 2611 25
1461 2585 1500 2626 Ρ.
1525 2572 1579 2612 90
1609 2571 1633 2612 l.
1657 2572 1681 2612 6

126 2638 178 2678 A.
202 2638 274 2692 S.].

214 2722 254 2763 p.
276 2707 378 2748 441.
403 2709 457 2748 32
489 2718 759 2748 DESTRVITIS
790 2722 822 2748 c.
846 2709 901 2749 46
925 2722 964 2763 p.
999 2709 1082 2748 128
1110 2707 1134 2748 l.
1163 2707 1186 2749 7
1221 2707 1324 2763 quin
1355 2708 1484 2749 immo
1517 2714 1555 2749 et
1586 2707 1684 2750 deos

72 2828 74 2830 .
129 2783 289 2818 uestros
318 2777 470 2830 palam
501 2776 734 2818 destruunt.

219 2857 259 2886 SI
282 2860 314 2887 c.
339 2847 363 2887 6
386 2860 447 2901 ΡΥ.
469 2860 510 2886 n.
533 2860 566 2887 c.
589 2848 615 2887 8
637 2861 676 2902 Ρ.
701 2848 754 2887 28
778 2846 803 2887 l.
828 2848 892 2887 18.
1701 2867 1745 2899 35
