1975 3306
323 149 405 189 244
897 146 1306 189 TERTVLLIANI
1562 151 1623 206 [p.
1647 150 1703 191 50
1723 148 1752 190 l.
1780 150 1888 189 11—

323 264 511 306 Mithras
533 263 783 305 verwandte
807 261 1005 304 Gestalt?
1048 262 1340 319 Worshipped
1362 262 1409 304 in
1427 263 1618 320 Phrygia
1639 263 1725 305 and
1748 263 1888 305 Meso-

321 334 526 391 potamia.
588 334 733 375 Amin.
756 344 883 374 XXIII
911 335 936 374 3
966 331 986 389 ξ
1012 334 1048 374 2.
1103 332 1221 374 Hdn.
1255 343 1305 373 IV
1334 335 1399 375 13.
1453 333 1523 376 On
1555 333 1698 386 coins3
1729 349 1754 375 a
1786 348 1888 374 man

322 421 377 447 on
409 406 497 447 foot
529 420 576 446 or
607 404 856 454 horsebaok,
888 403 995 445 with
1028 419 1053 444 a
1086 403 1307 460 Phrygian
1339 419 1418 460 cap
1450 404 1535 446 and
1568 410 1772 446 crescent.

410 492 448 533 p.
493 478 548 518 50
590 476 601 517 l
655 477 707 517 13
751 486 993 516 HERovlAEs
1038 474 1156 516 Lact.
1202 486 1216 515 1
1257 477 1308 516 21
1352 473 1371 531 ἓ
1413 477 1468 517 33
1511 474 1753 527 βουθοίνης
1801 473 1888 515 and

282 546 566 603 5βουφάγος.
642 546 769 603 Greg.
812 545 919 588 Naz.
963 545 1033 588 Or.
1077 547 1104 586 4
1149 547 1232 586 122
1276 546 1300 587 f.
1343 547 1379 599 (Ι
1424 544 1566 600 146ab)
1608 544 1889 587 ἐπικοπτέτω

321 616 681 673 Ὑαστριμαργίαν
711 616 732 659 ὁ
762 615 1013 662 Βουθοίνας.
1077 615 1141 659 CI.
1172 616 1240 658 Al.
1271 616 1407 658 Protr.
1436 615 1532 673 §76
1562 631 1601 672 p.
1627 618 1694 666 65,
1724 615 1886 657 Pother.

324 689 424 731 Eur.
462 689 553 730 Ale.
591 687 685 737 771,
725 687 969 729 789—818.
1034 685 1198 743 Spanh.
1236 701 1291 727 on
1329 685 1501 729 Gallim.
1536 686 1591 727 H.
1626 685 1753 726 Dian.
1792 687 1888 727 160.

324 759 431 802 Call.
460 759 515 801 ib.
551 760 646 801 146.
711 757 891 799 Philost.
925 757 1066 814 Apoll.
1095 769 1125 796 v
1161 759 1215 799 23
1242 772 1267 798 a
1297 757 1436 813 youth
1465 755 1671 812 beasting
1703 755 1803 797 that,
1835 755 1889 796 he

323 828 450 870 could
482 834 553 870 eat
586 843 716 877 more,
738 827 824 869 and
856 826 986 868 clrink
1018 841 1136 868 more
1168 826 1292 876 wine,
1315 827 1424 868 than
1456 841 1542 882 any
1567 840 1648 867 one
1681 825 1781 875 else,
1803 825 1889 866 and

261 916 305 938 10
323 898 457 954 being
477 897 610 939 asked
633 898 750 939 what
773 897 827 938 he
850 912 936 938 was
960 896 1036 938 the
1058 896 1206 938 better
1227 897 1290 937 for
1318 896 1386 938 his
1408 896 1625 953 gluttony‚
1651 895 1816 951 replied
1839 893 1890 937 τὸ

326 964 633 1022 θαυμάζεσθαί
673 984 726 1020 με
769 966 844 1008 καὶ
889 965 1265 1017 ἀποβλέπεσθαι·
1310 966 1385 1007 καὶ
1426 964 1510 1020 (γὰρ
1549 964 1624 1007 τὸν
1658 963 1891 1021 (Ηρακλέα

327 1039 432 1084 ἴσως
454 1037 641 1087 ἀκούεις,
665 1037 720 1080 ὡς
750 1037 823 1079 καὶ
851 1035 909 1077 τα
932 1034 1056 1078 σιτία
1084 1035 1226 1077 αὐτοῦ
1254 1033 1590 1092 παραπλησίως
1619 1038 1710 1079 τοῖς
1737 1033 1893 1080 ἄθλοις

324 1108 465 1164 ᾔδετο.
532 1108 755 1164 Aristoph.
790 1108 939 1148 Ranae
972 1108 1159 1155 550—1,
1193 1108 1438 1156 504-512,
1473 1107 1657 1148 621—3.
1725 1104 1891 1147 Lucian

325 1181 471 1221 Amor.
504 1181 541 1222 4.
604 1177 889 1234 Ioaromenip.
924 1176 990 1218 27.

263 1265 305 1296 15
414 1260 672 1290 FAMELICOS
709 1248 806 1301 (the
840 1247 968 1297 word,
1001 1246 1145 1288 Plani.
1178 1246 1273 1288 Ter.
1308 1246 1418 1288 Plin.
1452 1246 1550 1288 qu.
1584 1246 1714 1302 Apul.
1750 1244 1891 1286 Bonis.

327 1335 366 1376 p.
390 1322 475 1362 429
499 1320 571 1373 G.)
594 1318 817 1374 Aristoph.
841 1318 931 1358 Pax
955 1316 1036 1358 741
1068 1317 1154 1358 and
1186 1316 1327 1358 Sohol.
1352 1317 1480 1373 Vesp.
1505 1319 1571 1359 60.
1635 1316 1893 1358 Athenaeus

327 1387 609 1438 411³—4l2b,
627 1388 758 1430 6561).
807 1387 1064 1444 Aristippus
1087 1393 1132 1428 ‘oo
1154 1387 1446 1429 Antisthenes
1468 1386 1529 1444 §4
1551 1387 1891 1440 (Socraticorum

327 1460 464 1517 Epist.
498 1462 523 1502 9
556 1460 600 1501 in
635 1459 834 1501 Heroher
866 1458 1223 1514 Epistolographi
1262 1473 1300 1513 p.
1335 1458 1418 1500 617
1454 1458 1499 1510 f.)
1534 1457 1705 1514 πέμψω
1740 1457 1785 1500 δέ
1820 1475 1894 1499 σοι

328 1533 414 1573 τῶν
438 1530 608 1585 θέρμων
639 1528 724 1574 τὼς
752 1528 957 1582 μεγάλως
988 1546 1035 1570 τε
1063 1529 1137 1570 καὶ
1167 1528 1346 1577 λευκώς,
1373 1527 1422 1569 ἵν’
1447 1527 1554 1586 ἔχῃς
1579 1527 1693 1583 μετὰ
1723 1527 1771 1570 τὸ
1798 1528 1892 1569 ἐπι-

264 1622 308 1643 20
329 1601 561 1656 ’δείξασθαι
594 1600 671 1643 τὸν
702 1598 935 1653 (Ηρακλέα
968 1602 1059 1645 τοῖς
1093 1599 1203 1645 νέοις
1236 1600 1519 1656 ὑποτρανγεῖν.

416 1682 709 1713 HlSTRIONVM
742 1670 859 1711 Lact.
891 1669 992 1711 Diu.
1023 1669 1131 1711 Insb.
1154 1681 1185 1710 V
1217 1671 1271 1711 10
1295 1671 1361 1710 20.
1416 1668 1625 1710 Prudent.
1650 1667 1892 1723 Peristeph.

330 1754 361 1782 X
404 1744 575 1782 221—5
623 1740 739 1782 cited
787 1740 923 1781 above
966 1739 1186 1792 (Roman).
1259 1739 1420 1780 Arnob.
1465 1751 1515 1779 IV
1558 1741 1611 1780 35
1658 1738 1777 1779 Hild.
1820 1737 1893 1779 sed

323 1813 461 1867 poetis
495 1810 787 1853 tantammodo
830 1809 955 1851 licere
996 1809 1192 1851 uoluistis
1227 1809 1432 1863 indiynas
1465 1808 1516 1850 de
1550 1808 1619 1850 dis
1638 1808 1822 1863 fabulas
1856 1813 1896 1849 et

320 1882 546 1937 flayitiosa
579 1880 771 1922 ludibria
803 1881 1099 1922 comminisci?
1171 1879 1275 1935 quid
1319 1879 1577 1934 pantomimi
1612 1878 1757 1925 uestri,
1789 1877 1893 1932 quid

267 1963 309 1994 25
331 1952 566 2001 histriones,
611 1951 716 2007 quid
762 1952 845 1993 illa
891 1952 1126 1993 mimorum
1173 1956 1297 2006 atque
1343 1950 1494 1992 ea‘oleti
1537 1949 1703 2006 yeneris
1752 1949 1894 1990 multi-

331 2022 464 2063 tudo?
524 2036 659 2063 nonne
696 2021 753 2062 ad
791 2036 915 2062 usam
952 2026 1150 2076 quaestus
1186 2020 1255 2061 sui
1292 2019 1527 2061 abutuntur
1563 2019 1631 2060 dis
1666 2018 1820 2060 uestris
1857 2023 1896 2060 et

332 2092 541 2133 lenocinia
592 2091 866 2146 uoluptatum
918 2105 968 2132 ea·
1022 2090 1203 2131 iniuriis
1254 2089 1491 2131 adtraliunt
1548 2088 1897 2143 contumeliisque

332 2161 528 2203 diuinis?
539 2167 638 2203 ...et
674 2160 784 2216 quod
820 2160 1042 2216 nefarium
1079 2166 1181 2202 esset
1218 2159 1384 2209 auditu,
1413 2159 1552 2215 9e1ztis
1587 2159 1669 2200 illa
1702 2159 1897 2214 yenetrioe

332 2231 536 2280 Martiae,
558 2231 799 2285 reynatoris
821 2237 858 2273 et
886 2230 1037 2286 populi
1064 2231 1335 2286 procreatrix
1356 2245 1510 2271 amans
1538 2229 1725 2271 saltatur
1754 2227 1893 2270 Venus

269 2316 314 2347 30
331 2307 370 2343 et
392 2316 467 2356 per
488 2301 683 2357 adfectus
713 2315 854 2343 omnes
879 2300 1147 2343 meretriciae
1175 2300 1364 2342 uilitatis
1392 2299 1614 2355 impudica
1637 2298 1895 2353 exprimitur

334 2371 577 2413 imitatione
599 2370 807 2413 bacchari.
849 2372 913 2412 36.
966 2371 1080 2426 Aug.
1104 2369 1171 2411 De
1199 2369 1294 2412 Ciu.
1319 2370 1403 2411 Dei
1422 2381 1491 2411 VII
1515 2370 1568 2411 26
1592 2368 1698 2424 quid
1718 2374 1815 2410 sunt
1836 2368 1898 2410 ad*

334 2440 407 2482 hoc
440 2441 604 2482 malum
635 2440 847 2482 Mercurii
875 2439 1017 2495 furta,
1048 2439 1223 2482 Veneris
1256 2439 1454 2488 lasciuia,
1488 2444 1641 2493 stupra
1672 2453 1723 2480 ac
1755 2438 1892 2493 turpi—

336 2512 502 2553 tudines
552 2517 796 2560 ceterorum,
837 2526 944 2566 qaae
984 2510 1283 2566 proferremus
1333 2510 1385 2552 de
1437 2510 1571 2558 lib-ris,
1613 2509 1700 2549 nisi
1744 2508 1899 2551 cotidie

335 2587 611 2623 cantarentur
632 2587 669 2623 et
689 2581 955 2622 saltarentur
974 2580 1021 2621 in
1042 2580 1252 2622 theatris?
1309 2578 1535 2635 Theophil.
1559 2589 1612 2619 ΙΙΙ
1638 2580 1704 2620 15.
1766 2578 1893 2634 Greg.

273 2667 316 2698 35
338 2650 442 2691 Naz.
466 2650 536 2692 Or.
561 2653 587 2691 4
612 2653 783 2692 120—-2
806 2650 875 2704 (cf.
899 2650 1066 2702 above).

425 2735 464 2775 p.
488 2720 588 2761 501.
615 2721 669 2760 14
691 2731 841 2761 LVGET
877 2731 959 2761 SOL
995 2725 1076 2761 cet.
1114 2719 1168 2760 ad
1202 2727 1291 2761 nat.
1325 2730 1341 2759 Ι
1384 2720 1438 2760 10
1470 2733 1509 2774 p.
1548 2720 1604 2760 80
1643 2718 1667 2760 l.
1704 2720 1729 2759 3
1769 2717 1893 2759 Wiss.

339 2789 450 2844 luyet
481 2790 554 2831 Sol
575 2790 723 2845 filium
754 2790 1003 2832 exstinctum
1035 2789 1291 2831 laetantibus
1322 2788 1449 2830 uobis,

427 2874 465 2914 p.
485 2861 539 2901 50
558 2859 581 2900 l.
602 2862 654 2900 15
678 2870 994 2901 LAE'rAerssvs
1016 2855 1310 2901 voBIS.'..N0N
1333 2868 1738 2899 ERVBESCENTfflvs
1760 2868 1900 2899 voms
