1975 3306
248 162 327 202 110
824 158 1229 201 TERTVLLIANI

242 275 534 316 necessarium
566 275 713 317 hostes
742 275 935 316 iudicare
966 274 1195 324 maluistis,
1229 274 1332 329 quia
1363 288 1514 315 sumus
1545 273 1687 328 plane,
1720 286 1809 314 non

241 350 410 405 generis
441 350 622 391 humani
653 355 817 399 tamen,
850 349 925 390 sed
956 349 1104 403 potius
1135 348 1301 389 erroris.

325 481 399 523 38.
461 482 649 544 lJroinde
671 496 750 524 nec
773 482 904 537 paulo
927 482 1066 523 lenius
1087 482 1202 523 inter
1223 482 1364 523 licitas
1387 481 1602 523 factiones
1642 486 1808 522 sectam

240 557 372 598 istam
395 557 599 612 deputari
620 557 868 612 oportebat,
892 572 918 598 a
940 572 1027 612 qua
1048 557 1154 598 nihil
1177 557 1265 598 tale
1288 557 1584 598 committitur
1605 556 1734 612 quale
1754 555 1808 596 de

238 630 415 672 inlicitis
447 631 714 673 factionibus
746 631 891 672 timeri
923 631 1060 672 solet?
1124 630 1218 672 Nisi
1251 630 1378 672 fallor
1409 631 1539 681 enim,
1574 630 1806 686 prohiben-
1827 646 1848 677 5

241 704 397 746 darum
445 705 690 746 factionum
737 719 868 746 causa
916 705 969 746 de
1016 705 1296 760 prouidentia
1344 710 1521 747 constat
1566 704 1808 746 modestiae

240 780 454 835 publicae,
474 795 529 821 ne
546 781 703 822 ciuitas
719 780 765 822 in
782 786 931 835 partes
948 780 1231 829 scinderetur,
1252 795 1365 835 quae
1383 795 1449 822 res
1467 780 1593 821 facile
1611 779 1804 828 comitia,

241 855 436 905 concilia,
465 855 619 904 curias,
647 855 885 904 contiones,
913 854 1166 910 spectacula
1193 854 1327 896 etiam
1353 855 1535 896 aemulis
1560 854 1808 896 studiorum

240 929 650 984 conpulsationibus
683 929 964 984 inquietaret,
1003 942 1103 970 cum
1138 929 1227 969 iam
1264 934 1309 970 et
1343 929 1387 969 in
1424 934 1612 983 quaestu
1648 928 1808 969 habere

241 1003 488 1058 coepissent
524 1003 725 1044 uenalem
764 1008 808 1044 et
845 1002 1159 1043 mercenariam
1197 1002 1394 1044 homines
1432 1003 1667 1044 uiolentiae
1704 1016 1808 1043 suae
1830 1015 1874 1039 10

241 1092 434 1133 operam.
495 1077 557 1119 At
587 1077 702 1118 enim
733 1077 859 1119 nobis
890 1076 945 1118 ab
977 1077 1096 1118 omni
1126 1077 1288 1132 gloriae
1319 1082 1364 1118 et
1394 1077 1623 1132 dignitatis
1654 1077 1809 1118 ardore

242 1151 504 1207 frigentibus
525 1152 645 1193 nulla
669 1157 735 1193 est
756 1152 992 1192 necessitas
1015 1156 1179 1201 coetus,
1203 1165 1283 1192 nec
1305 1151 1393 1192 ulla
1417 1151 1555 1207 magis
1578 1166 1644 1192 res
1667 1151 1808 1192 aliena

242 1241 376 1281 quam
397 1226 586 1281 publica.
648 1226 794 1267 Unam
816 1226 1013 1267 omnium
1033 1225 1350 1280 rempublicam
1370 1226 1660 1281 agnoscimus,
1683 1240 1807 1267 niun-

241 1301 362 1342 dum.
424 1301 575 1356 Aeque
615 1300 875 1355 spectaculis
916 1300 1073 1341 uestris
1112 1300 1158 1341 in
1199 1304 1378 1341 tantum
1418 1300 1723 1341 renuntiamus
1762 1300 1807 1341 in

242 1380 461 1429 quantum
491 1374 730 1430 originibus
760 1388 922 1423 eorum,
955 1388 1065 1428 quas
1094 1373 1254 1414 scimus
1284 1373 1338 1414 de
1366 1374 1677 1428 superstitione
1706 1388 1806 1415 con·
1830 1390 1871 1422 15

242 1454 406 1503 ceptas,
426 1463 525 1490 cum
542 1453 587 1490 et
602 1448 706 1503 ipsis
722 1448 864 1497 rebus,
884 1448 937 1489 de
954 1447 1113 1502 quibus
1129 1447 1446 1502 transiguntur,
1464 1453 1804 1508 praetersumus.

242 1522 361 1564 Nihil
402 1528 468 1564 est
506 1522 633 1563 nobis
673 1522 808 1571 dictu,
850 1522 960 1571 uisu,
1004 1521 1161 1562 auditu
1201 1535 1301 1562 cum
1340 1521 1510 1562 insania
1551 1522 1663 1571 circi,
1706 1536 1806 1563 cum

240 1598 502 1653 inpudicitia
528 1598 703 1647 theatri,
733 1612 833 1638 cum
859 1597 1095 1638 atrocitate
1120 1611 1290 1646 arenae,
1319 1611 1419 1637 cum
1445 1597 1565 1650 xysti
1590 1597 1804 1639 uanitate.

244 1672 339 1722 Quo
383 1687 462 1713 uos
505 1671 782 1721 offendimus,
828 1671 863 1712 si
906 1671 1013 1712 alias
1056 1670 1376 1726 praesumimus
1419 1671 1700 1726 uoluptates?
1764 1671 1808 1713 Si

242 1746 452 1788 oblectari
492 1746 666 1786 nouisse
705 1745 923 1795 nolumus,
965 1750 1116 1786 nostra
1155 1745 1313 1786 iniuria
1354 1750 1432 1795 est,
1475 1745 1510 1786 si
1550 1745 1676 1795 forte,
1719 1761 1808 1787 non
1828 1764 1875 1787 20

242 1826 403 1862 uestra.
465 1819 550 1861 Sed
576 1819 863 1875 reprobamus
890 1833 1003 1874 quae
1030 1819 1207 1874 placent
1233 1818 1372 1860 uobis.
1434 1819 1524 1860 Nec
1551 1834 1629 1861 uos
1656 1825 1807 1861 nostra

243 1894 479 1935 delectant.
541 1893 626 1935 sed
658 1893 782 1935 licuit
815 1893 1040 1948 Epicureis
1073 1892 1267 1947 aliquam
1301 1893 1530 1934 decernere
1563 1894 1808 1949 uoluptatis

243 1969 492 2017 ueritatem,
528 1967 573 2008 id
608 1973 674 2008 est
707 1967 842 2008 animi
876 1967 1161 2022 aequitatem,
1198 1972 1243 2008 et
1276 1967 1423 2022 ampla
1456 1968 1632 2023 negotia
1666 1968 1806 2010 Chris-

245 2043 406 2085 tianae.

329 2169 403 2211 39.
464 2168 607 2209 Edam
630 2168 717 2209 iam
741 2182 857 2209 nunc
881 2182 957 2223 ego
980 2168 1072 2223 ipse
1094 2168 1270 2223 negotia
1293 2168 1564 2210 Christianae
1587 2169 1803 2220 factionis,
1828 2187 1844 2209 2
1851 2188 1870 2218 5

244 2249 296 2285 ut
328 2244 402 2298 qui
436 2243 551 2283 mala
583 2242 881 2291 refutauerim,
916 2242 1032 2283 bona
1065 2242 1310 2284 ostendam.
1372 2242 1537 2298 Corpus
1569 2257 1720 2285 sumus
1752 2244 1806 2285 de

244 2317 510 2358 conscientia
550 2316 767 2371 religionis
808 2321 854 2357 et
894 2316 1147 2371 disciplinae
1188 2316 1361 2358 unitate
1402 2322 1447 2358 et
1486 2317 1577 2372 spei
1618 2317 1804 2360 foedere.

246 2392 421 2432 Coimus
445 2391 490 2432 in
515 2396 690 2432 coetum
716 2395 760 2431 et
785 2390 1179 2445 congregationem,
1206 2396 1258 2432 ut
1282 2391 1339 2432 ad
1364 2391 1495 2432 deum
1521 2391 1644 2446 quasi
1671 2406 1806 2433 manu

245 2465 363 2506 facta
402 2464 726 2519 precationibus
764 2464 1012 2505 ambiamus
1049 2470 1237 2506 orantes.
1298 2464 1420 2505 Haec
1457 2465 1524 2506 uis
1561 2465 1641 2506 deo
1678 2471 1805 2521 grata

246 2545 324 2580 est.
389 2538 574 2580 Oramus
601 2539 734 2579 etiam
761 2553 839 2593 pro
864 2538 1216 2593 imperatoribus,
1245 2553 1322 2593 pro
1349 2539 1558 2580 ministris
1585 2554 1733 2581 eorum
1760 2545 1805 2582 et
1824 2553 1871 2585 30

246 2616 556 2671 potestatibUS,
594 2631 672 2671 pro
708 2621 831 2662 statu
866 2616 1038 2666 saeculi,
1077 2631 1154 2671 pro
1190 2631 1334 2658 rerum
1371 2617 1529 2672 quiete,
1568 2632 1645 2672 pro
1682 2632 1804 2660 mora

246 2695 356 2735 finis.
419 2695 593 2735 Coimus
622 2695 675 2735 ad
706 2695 954 2736 litterarum
983 2695 1233 2737 diuinarum
1263 2696 1737 2747 commemorationem,
1769 2697 1804 2739 si

247 2772 352 2827 quid
393 2773 689 2826 praesentium
730 2778 979 2827 temporum
1020 2773 1211 2827 qualitas
1249 2778 1329 2815 aut
1367 2788 1649 2829 praemonere
1688 2775 1805 2831 cogit

246 2855 325 2891 aut
349 2864 665 2905 recognoscere.
727 2849 852 2891 Certe
875 2850 1006 2891 fidem
1031 2850 1194 2892 sanctis
1217 2850 1399 2893 uocibus
1423 2851 1654 2906 pascimus,
1681 2866 1803 2907 spem
