1975 3306
113 164 155 205 p.
184 152 264 193 130
285 150 312 192 1.
339 151 410 204 30]
632 149 1077 192 APOLOGETICVS
1111 152 1165 191 46
1597 150 1679 190 445

203 282 240 323 p.
278 269 361 309 1:30
399 267 422 308 l.
458 266 508 307 27
544 266 596 307 ad
641 272 727 307 nat.
771 277 785 306 Ι
830 269 854 307 5
898 266 952 307 ad
994 267 1065 308 fin.
1117 268 1166 309 cf.
1210 267 1374 308 Lucian
1419 266 1679 308 Hermotim.

117 351 192 393 eg.
227 339 398 379 80-82
431 338 506 389 (82
540 336 563 377 f.
598 335 673 377 the
706 341 869 377 master
899 336 946 376 of
975 336 1234 392 philosophy
1265 336 1363 378 bids
1396 336 1470 378 the
1504 342 1680 392 parents

118 407 316 448 examine
350 406 418 447 his
449 421 525 447 son
559 405 675 447 their
706 405 874 447 scholar
904 405 949 446 in
981 406 1158 456 axioms,
1181 406 1424 463 syllogisms
1455 413 1534 448 cet.
1570 406 1605 446 εἰ
1637 404 1682 447 δὲ

118 475 144 530 ἢ
177 476 258 529 τὴν
285 476 453 530 μητέρα
483 476 670 517 ἔτυπτεν
700 474 726 528 ἢ
755 475 1002 531 παρθένους
1033 475 1298 529 συνήρπαζε,
1331 474 1374 517 τί
1403 479 1543 518 ταῦτα
1573 475 1682 530 πρὸς

118 546 193 597 ἐμέ
213 565 224 594 ;
259 546 308 588 οὐ
331 545 416 600 ’γὰρ
440 543 727 596 παιδαΎωὙὸν
747 563 802 599 με
824 545 1108 598 ἐπεστήσατε
1131 545 1303 602 τούτῳ).
1704 561 1724 593 5

208 632 246 673 p.
283 619 365 658 130
399 617 422 658 l.
457 619 510 657 28
549 616 777 672 Lightfoot
819 631 873 657 on
912 615 1001 658 Col.
1039 618 1062 656 2
1107 619 1132 657 8
1169 632 1208 672 p.
1249 619 1343 659 245.
1407 617 1520 658 Diei.
1558 617 1683 658 Bible

120 702 196 728 s.u.
226 687 497 743 philosophy.
561 687 644 728 See
677 702 762 742 esp.
796 701 910 728 omn.
943 687 1009 728 De
1044 687 1229 728 Praeser.
1263 687 1393 728 Haer.
1428 688 1450 728 7
1479 687 1549 728 fin.
1582 687 1685 742 quid

120 772 217 812 erqo
241 757 421 799 Athenis
443 763 479 798 et
502 757 840 812 Hierosolymis?
872 756 976 812 quid
999 757 1246 798 academiae
1268 763 1305 798 et
1327 757 1546 799 ecclesiae?
1580 756 1686 812 quid

120 826 342 868 haereticis
371 833 408 868 et
442 827 731 867 Christianis?
762 832 909 867 nostra
930 826 1138 868 institutio
1168 826 1218 868 de
1245 827 1419 882 porticu
1447 826 1685 868 Solomonis

121 902 190 944 est,
223 897 296 951 qui
327 902 364 937 et
394 897 483 951 ipse
515 895 761 937 tradiderat
792 895 1013 937 domiuum
1050 897 1092 936 in
1127 897 1400 951 simplicitate
1432 897 1570 938 cordis
1601 910 1684 938 esse
1708 911 1753 935 10

122 966 421 1021 quaerendum.
474 966 672 1015 uiderint,
696 966 770 1020 qui
792 965 979 1007 Stoicum
1004 972 1041 1007 et
1063 965 1339 1008 Platouicum
1362 972 1398 1007 et
1419 966 1688 1008 dialecticum

124 1035 503 1077 Christianismium
529 1036 812 1091 protulerunt.
875 1036 993 1077 nobis
1015 1037 1259 1078 curiositate
1282 1052 1385 1092 opus
1407 1052 1488 1078 uon
1517 1043 1575 1078 est
1595 1043 1688 1092 post

124 1105 341 1146 Christum
379 1105 533 1155 Iesum,
564 1120 638 1147 uec
673 1106 945 1160 inquisitione
975 1111 1073 1160 post
1107 1106 1387 1161 euanyelium.
1462 1105 1516 1147 ib.
1551 1109 1588 1147 8.
1623 1108 1687 1147 14.

125 1176 191 1217 De
224 1175 369 1216 Anim.
404 1178 430 1217 3
466 1190 505 1231 p.
540 1177 623 1216 302
657 1175 680 1217 l.
716 1177 771 1217 30
804 1175 931 1217 Wiss.
994 1176 1060 1217 De
1095 1175 1236 1219 Carne
1270 1176 1436 1218 Christi
1470 1180 1504 1217 5.
1568 1176 1688 1217 Hier.

125 1247 234 1303 Eph.
268 1258 321 1287 ΙΙΙ
357 1248 381 1287 6
416 1248 443 1286 4
479 1249 568 1298 (VII
603 1244 738 1299 666b).
807 1261 871 1302 ep.
907 1248 961 1287 22
1001 1248 1054 1288 29
1085 1249 1121 1299 (Ι
1161 1248 1281 1301 1140)
1312 1247 1416 1302 quid
1442 1247 1560 1302 facit
1596 1262 1690 1289 cum
1711 1265 1755 1297 15

121 1315 327 1371 psalterio
350 1314 596 1356 Horatius?
629 1330 723 1356 cum
746 1315 982 1370 euanyelz'z's
1003 1315 1163 1357 Maro?
1188 1331 1283 1357 cum
1304 1316 1491 1370 apostolo
1516 1315 1691 1357 Cicero?

127 1386 275 1428 Ritter
307 1385 458 1427 Gesch.
492 1385 569 1426 der
604 1385 712 1426 Phil.
746 1397 762 1426 I
801 1387 884 1427 362
904 1388 937 1439 )(
958 1385 1116 1427 Iustin.
1147 1386 1271 1441 Apol.
1306 1397 1321 1426 Ι
1354 1387 1409 1427 46
1441 1385 1570 1439 (Otto
1603 1385 1688 1427 incl.

129 1472 203 1498 su.
237 1456 408 1511 Logos).
471 1455 628 1497 Iustin.
661 1455 773 1496 Dial.
809 1455 861 1497 75
896 1457 953 1509 (2)
985 1455 1111 1509 (with
1147 1456 1223 1497 the
1256 1456 1326 1497 old
1358 1458 1490 1509 man).
1554 1455 1689 1498 Clem.

126 1528 248 1569 Alex.
279 1526 437 1569 Strom.
460 1538 510 1567 VI
533 1541 564 1567 C.
590 1526 642 1567 17
666 1525 685 1582 ἓ
709 1528 802 1568 160.
865 1527 915 1569 ef.
945 1527 1072 1568 Prud.
1103 1526 1250 1569 Contr.
1280 1526 1443 1582 Symm.
1467 1527 1628 1579 (where
1646 1528 1690 1579 2).

128 1596 300 1639 Firmic.
324 1608 412 1637 VIII
441 1598 465 1638 6
493 1594 561 1652 §4
594 1597 719 1638 aliud
752 1612 800 1638 ecc
820 1597 971 1653 fronte
993 1597 1266 1652 pollicentur,
1289 1597 1411 1638 atiud
1439 1597 1616 1638 latenter
1647 1597 1691 1637 iii
1712 1611 1759 1633 20

129 1667 315 1709 moribus
338 1667 499 1708 celant:
529 1673 627 1708 sunt
647 1668 758 1708 enim
780 1673 952 1709 austera
964 1667 1097 1723 facie,
1117 1668 1296 1722 prolisca
1317 1666 1460 1714 barba.
1485 1667 1693 1708 obstinata

119 1737 279 1793 fronte,
316 1742 361 1777 ut
403 1736 575 1778 Catonis
610 1752 792 1792 prorsus
825 1737 1064 1778 institutum
1108 1738 1279 1778 imitari
1320 1737 1551 1778 uideantur
1564 1752 1578 1786 ‚·
1621 1737 1693 1778 sed

128 1812 262 1849 totum
298 1806 371 1848 hoc
397 1806 549 1862 fucato
585 1807 849 1848 mentiuntur
880 1807 1032 1862 affectu
1047 1823 1061 1857 ;
1102 1813 1199 1848 suut
1237 1807 1349 1848 enim
1383 1813 1543 1848 natura
1575 1813 1693 1861 petu-

131 1878 277 1926 lantes,
302 1877 467 1925 lasciui,
489 1891 654 1931 semper
682 1877 993 1919 desideriorum
1015 1878 1175 1932 prauis
1203 1892 1252 1919 ac
1276 1877 1515 1918 libidinosis
1543 1877 1693 1931 uolup-

131 1946 288 1989 tatibus
324 1946 534 2001 inplicati‚
566 1952 605 1988 et
642 1947 715 2001 qui
752 1946 931 1988 latenter
964 1961 1160 1988 amorum
1199 1947 1502 2001 cupiditatibus
1532 1962 1695 2001 semper
1712 1962 1759 1994 25

131 2021 377 2058 eoeaestuent.
440 2015 658 2072 Athenag.
696 2018 745 2056 11
780 2031 819 2071 p.
853 2014 939 2057 lld.
1003 2016 1164 2057 Minue.
1196 2018 1261 2057 38.
1325 2015 1454 2071 Cypr.
1488 2015 1554 2056 De
1587 2016 1692 2057 Bon.

133 2087 224 2128 Pat.
249 2088 275 2127 3
302 2085 483 2141 (quoted
514 2085 649 2126 above
682 2100 737 2126 on
768 2100 807 2141 p.
833 2088 916 2127 128
946 2085 970 2126 l.
996 2086 1079 2138 30).
1145 2085 1358 2141 Epiphan.
1382 2086 1584 2126 Ancora‘o.
1611 2084 1691 2126 107

134 2152 268 2205 (cited
295 2152 354 2208 by
383 2151 580 2193 Semisch
612 2163 627 2192 Ι
653 2154 705 2192 12
729 2152 837 2208 Eng.
861 2153 944 2205 mx).
1009 2152 1178 2208 Eulogy
1209 2152 1256 2192 of
1284 2151 1543 2207 philosophy
1574 2151 1692 2206 Orig.

136 2221 283 2264 Contr.
307 2220 417 2263 Cels.
442 2233 457 2262 Ι
481 2224 517 2263 9.
581 2221 719 2264 Clem.
743 2222 865 2262 Alex.
891 2221 1049 2263 Strom.
1073 2233 1122 2262 IV
1143 2220 1182 2278 ἐξ
1205 2224 1270 2264 63.
1296 2221 1362 2263 71.

222 2306 259 2347 p.
287 2293 369 2332 130
391 2291 415 2332 l.
441 2292 494 2332 29
525 2302 682 2332 FAMAE
709 2302 1004 2332 NEGOTIATOR
1034 2291 1210 2332 Hieron.
1235 2307 1298 2347 ep.
1323 2291 1396 2345 (ad
1430 2290 1695 2342 Pammaeh.)
1714 2308 1761 2341 30

137 2362 190 2402 66
232 2359 252 2416 ξ
288 2363 324 2401 8.
386 2359 442 2401 ib.
488 2362 569 2401 118
611 2358 631 2417 ξ
672 2364 695 2401 5
737 2360 844 2402 both
886 2359 1001 2402 cited
1045 2361 1181 2402 below
1222 2376 1254 2402 c.
1292 2360 1346 2401 47
1390 2375 1429 2416 p.
1469 2362 1551 2401 132
1594 2360 1619 2400 l.
1658 2362 1694 2402 9.

138 2430 263 2485 Kaye
300 2430 394 2470 163.

225 2514 261 2555 p.
290 2501 372 2540 130
394 2498 418 2539 l.
443 2500 498 2540 30
520 2509 761 2539 OPERATOR
792 2514 832 2540 u.
850 2500 874 2541 l.
897 2499 943 2540 in
965 2515 999 2541 c.
1022 2502 1076 2541 23
1098 2515 1138 2556 p.
1157 2515 1214 2542 m.
1264 2499 1383 2541 Lact.
1405 2499 1442 2540 F
1444 2499 1536 2540 irm.
1560 2499 1694 2541 math.

137 2568 255 2624 uulg.
289 2567 454 2608 Paulin.
489 2567 589 2608 Nol.
617 2582 680 2623 ep.
713 2572 736 2607 5
773 2571 826 2610 10
849 2569 872 2609 f.
906 2569 1009 2623 [add
1041 2569 1252 2611 I1·en.lat.
1280 2568 1366 2609 Hil.
1399 2568 1518 2609 Hier.
1547 2571 1574 2609 4
1602 2583 1695 2610 exx.

138 2638 223 2680 and
241 2638 352 2694 Aug.
373 2640 397 2679 9
416 2652 510 2678 exx.
527 2643 573 2678 ab
595 2637 716 2679 least.
740 2637 859 2679 Oros.
923 2638 976 2679 A.
994 2638 1070 2692 S.].
1123 2638 1384 2694 Opposition
1406 2639 1454 2678 of
1479 2638 1592 2679 word
1610 2638 1696 2679 and
1715 2653 1760 2686 35

138 2706 259 2749 deed.
322 2706 422 2748 Sen.
453 2721 518 2762 ep.
554 2706 633 2747 117
667 2706 687 2763 ξ
718 2710 772 2748 33
795 2723 833 2748 n.
868 2708 1193 2763 [unpublished.
1256 2709 1306 2749 A.
1331 2708 1405 2762 S.].
1468 2706 1595 2763 Cypr.
1629 2708 1695 2749 De

138 2776 259 2817 Bono
283 2776 472 2817 Patienti.
494 2778 520 2817 3
542 2776 721 2831 (quoted
746 2791 800 2817 on
823 2791 863 2831 p.
887 2779 970 2818 128
993 2777 1017 2818 l.
1041 2778 1128 2829 30).

230 2857 541 2887 AEDIFICATOR
559 2846 593 2900 )(
613 2851 806 2888 uastator
836 2846 948 2902 Aug.
972 2861 1036 2902 ep.
1063 2849 1144 2888 185
1171 2848 1223 2886 22
1247 2861 1306 2902 pr.
