1975 3306
283 120 367 159 436
860 116 1268 158 TERTVLLIANI
1496 118 1555 172 [p.
1583 117 1713 159 1281.
1742 119 1851 158 15-

276 235 554 291 philosophis,
586 250 687 290 quos
719 233 921 289 superbia
955 233 1198 275 seueritatis
1232 239 1270 275 et
1304 232 1472 275 duritia
1503 233 1761 289 discipliuae-
1797 232 1850 274 ab

284 306 399 348 omm'
420 306 571 347 timore
591 319 769 353 securos,
794 304 1023 345 nonnullus
1044 304 1174 344 etiam
1204 303 1395 359 adflatus
1422 303 1620 346 ueritatis
1642 303 1851 345 aduersus

283 376 381 418 cleos
399 376 538 431 eriyit
585 375 767 431 denique
785 381 822 416 et
840 374 1036 416 Socrates
1052 375 1094 415 in
1117 376 1416 416 coutumeliam
1433 390 1578 416 eorum
1600 389 1797 430 quercum
1815 378 1853 414 et

284 462 430 488 cauem
461 453 498 488 et
529 446 697 488 hircum
728 447 860 487 iurat.
923 445 990 486 De
1013 444 1177 486 Anima
1207 447 1231 486 2
1262 461 1325 502 pr.
1346 446 1477 501 plane
1497 460 1580 487 uon
1601 444 1851 500 ueyabimus

241 530 262 562 5
283 516 519 572 aliquando
559 516 829 572 philosophos
870 516 992 557 iua'ta
1035 522 1184 557 nostra
1218 517 1404 559 sensisse.
1467 515 1755 558 testimonium
1791 520 1852 556 est

283 587 483 629 ueritatis
514 592 686 628 euentus
717 587 866 642 ipsius.
901 592 982 627 cet.
1047 586 1170 641 Kaye
1206 588 1301 628 162.

373 668 489 698 DEOS
512 667 696 698 NEGANS
718 671 751 697 c.
776 657 830 696 14
845 656 915 697 fin.
933 663 1164 711 propterea
1185 657 1420 698 damnatus
1441 663 1500 698 est
1522 656 1730 705 Socrates,
1747 655 1851 711 quia

285 725 381 767 deos
409 724 657 766 destruebat.

374 809 413 851 p.
431 796 515 835 128
538 794 561 835 l.
584 796 635 836 16
659 805 997 835 GALLINACEVM
1023 794 1132 835 Plan.
1150 794 1325 835 Phaedo
1346 809 1388 850 p.
1407 796 1510 835 118²
1531 793 1605 847 (ad
1628 794 1700 835 fin.
1717 793 1853 844 dial).

222 884 265 907 10
286 864 583 921 Wyttenbaeh
607 879 672 905 on·
693 865 804 906 Plan.
828 865 851 906 l.
876 880 908 906 c.
941 865 995 906 ad
1018 871 1108 906 nat.
1131 876 1166 905 ΙΙ
1192 867 1214 904 2
1238 879 1279 920 p.
1302 866 1356 906 96
1380 864 1406 905 l.
1430 864 1481 905 17
1507 864 1632 905 Wiss.
1656 864 1851 905 Socrates

285 936 374 992 ipse
391 936 487 978 deos
502 937 604 977 istos
626 936 751 991 quasi
767 944 904 978 certus
921 936 1124 991 neyabat;
1151 936 1265 978 idem
1283 936 1544 992 Aesculapio
1558 936 1851 991 yallimiceum

284 1007 422 1049 secari
453 1008 578 1062 quasi
606 1013 744 1048 certus
775 1007 964 1055 iubebat·
1002 1007 1070 1048 De
1103 1007 1198 1050 Cor.
1238 1007 1368 1048 Milit.
1405 1009 1460 1049 10
1490 1023 1545 1048 m.
1580 1022 1681 1048 uam
1714 1013 1752 1049 et
1777 1020 1851 1062 690

285 1076 394 1118 milii
422 1076 713 1132 yallinaceum
740 1083 890 1126 macto,
912 1093 995 1119 uon
1025 1078 1170 1118 miuus
1201 1092 1329 1133 quam
1360 1077 1622 1132 Aesculapio
1644 1076 1848 1119 Socrates.

286 1146 352 1187 De
394 1145 558 1187 Anima
595 1149 616 1187 1
658 1162 698 1202 p.
731 1161 783 1188 m.
827 1146 989 1203 quoted
1029 1162 1083 1188 on
1127 1147 1149 1188 l.
1191 1148 1255 1188 14.
1319 1146 1506 1188 Lasaulx
1551 1148 1635 1188 268
1677 1161 1719 1187 n.
1756 1147 1854 1188 236.

221 1234 264 1266 15
287 1217 455 1259 Grote’s
494 1217 618 1258 Plato
648 1228 682 1257 ΙΙ
715 1219 810 1258 195.
871 1216 1138 1258 Artemidor.
1161 1216 1476 1259 Oneirocritica
1498 1228 1528 1257 V
1551 1219 1575 1258 9
1599 1215 1762 1270 ἠΰξατό
1785 1233 1852 1262 τις

287 1289 348 1343 τῷ
380 1285 662 1341 Ἀσκληπιῷ,
691 1286 728 1327 εἰ
760 1284 829 1327 διὰ
864 1289 941 1327 τοῦ
975 1285 1099 1332 ἔτους
1130 1284 1291 1332 ἄνοσος
1325 1287 1359 1340 [2
1385 1285 1565 1332 ἀνόσως.
1599 1285 1721 1340 A.S.]
1756 1284 1851 1342 ἔχῃ,

287 1355 439 1398 θύσειν
471 1356 591 1412 αὐτῷ
625 1354 909 1412 ἀλεκτρυόνα.
973 1356 1078 1397 Luc.
1113 1356 1188 1398 Bis
1218 1356 1316 1398 Ace.
1350 1359 1388 1406 5,
1420 1356 1562 1398 where
1594 1358 1707 1406 Δίκη
1738 1371 1853 1412 says:

287 1426 406 1468 πάνυ
428 1428 537 1480 «γοῦν
566 1425 701 1468 αὐτὸν
725 1425 772 1467 ὃν
802 1425 899 1483 φής,
923 1426 1089 1468 ἐκεῖνον
1120 1424 1297 1478 ὤνησαν
1328 1425 1369 1468 οἱ
1390 1427 1491 1482 περὶ
1515 1426 1621 1480 ἐμοῦ
1643 1426 1783 1480 λόγοι,
1807 1425 1853 1471 ὃς

286 1495 554 1552 παραδοθεὶς
587 1499 679 1541 τοῖς
712 1495 864 1538 ἕνδεκα
897 1496 972 1538 καὶ
1000 1495 1059 1541 εἰς
1088 1501 1136 1538 τὸ
1169 1495 1474 1549 δεσμωτήριον
1498 1495 1706 1550 ἐμπεσὼν
1729 1496 1852 1538 ἔπιεν

221 1583 267 1606 20
287 1567 443 1613 ἄθλιος
466 1570 546 1609 τοῦ
568 1568 762 1616 κωνείου,
780 1567 886 1618 μηδὲ
910 1566 986 1609 τὸν
1010 1566 1286 1620 ἀλεκτρυόνα
1309 1567 1370 1622 τῷ
1392 1564 1665 1620 Ἀσκληπιῷ
1690 1564 1853 1608 ἀποδε-

288 1637 449 1684 δωκώς.
513 1637 666 1694 Chrys.
710 1648 761 1677 IX
805 1638 888 1678 491
907 1636 947 1677 d.
1010 1636 1257 1678 Theodoret
1310 1636 1509 1678 Graecar.
1552 1636 1709 1678 Affecb.
1751 1635 1855 1678 Cur.

287 1721 356 1750 VII
395 1708 449 1750 47
488 1723 530 1765 p.
569 1710 651 1750 109
692 1709 760 1749 47.
833 1707 1035 1749 Lactant.
1075 1718 1129 1748 ΙΙΙ
1174 1709 1228 1749 20
1265 1705 1284 1763 ξ
1323 1708 1376 1749 16
1419 1706 1533 1748 illud
1574 1722 1675 1749 uero
1718 1722 1853 1749 noune

287 1794 480 1822 summae
515 1778 738 1826 uanitatis,
770 1778 881 1833 quod
913 1783 1010 1819 aute
1042 1784 1220 1819 mortem
1246 1777 1507 1834 familiares
1541 1793 1637 1819 suos
1669 1779 1852 1833 royauit,

293 1856 333 1893 at
365 1849 627 1904 Aesculapio
656 1849 840 1903 9allum,
871 1863 993 1903 quem
1024 1854 1215 1898 uouerat,
1243 1848 1541 1903 prosecareut?
1571 1846 1591 1905 ξ
1625 1848 1676 1889 17
1711 1849 1855 1890 timuit

223 1938 267 1970 25
289 1920 486 1962 uidelicet
534 1934 581 1961 ne
635 1919 753 1974 apud
799 1919 1190 1960 Rhadamanthum
1237 1924 1577 1974 recuperatorem
1625 1919 1716 1960 uoti
1756 1934 1853 1960 reus

280 1993 406 2047 fieret
460 1990 512 2031 ab
572 1989 784 2044 Asclepio.
865 1989 1231 2031 dementissimum
1284 1989 1494 2030 hominem
1544 1995 1759 2044 putarem,
1815 1990 1855 2031 si

290 2060 432 2103 morbo
465 2059 659 2116 adfectus
690 2060 881 2115 perisset.
944 2074 1040 2101 cum
1072 2074 1173 2101 uero
1207 2059 1281 2100 lzoc
1319 2074 1450 2100 sanus
1472 2058 1642 2114 fecerit,
1675 2064 1734 2100 est
1764 2060 1857 2114 ipse

289 2132 479 2180 insanus,
524 2129 597 2184 qui
643 2144 739 2171 eum
785 2135 906 2184 putet
957 2144 1042 2171 esse
1092 2129 1336 2184 sapientem.
1402 2128 1522 2185 Orig.
1574 2135 1685 2170 cont.
1740 2128 1851 2171 Cels.

291 2213 342 2243 VI
375 2205 400 2242 4
434 2200 637 2256 Spencer.
702 2199 931 2241 Herondas
964 2201 991 2240 4
1028 2199 1354 2252 11—13(after
1383 2198 1664 2255 summoning
1689 2200 1854 2241 Aescu-

225 2291 271 2323 30
293 2271 447 2328 lapius,
482 2270 549 2311 his
582 2269 680 2311 wife
712 2270 798 2311 and
831 2270 1029 2312 children
1061 2270 1163 2323 etc.)
1195 2268 1301 2326 ἵλεῳ
1336 2269 1471 2319 δεῦτε,
1502 2272 1580 2311 τοῦ
1614 2268 1854 2326 ἀλέκτορος

292 2340 410 2384 τοῦδ’
464 2338 594 2383 ὅντιν’
650 2338 791 2392 οἰκίης
844 2337 1011 2396 τοίχων
1051 2338 1057 2396 Ι
1097 2339 1268 2395 κήρυκα
1322 2337 1424 2388 θύω,
1477 2338 1736 2395 τάπίδορπα
1790 2339 1855 2382 δέ·

293 2410 462 2465 ξαισθε.

380 2496 421 2537 p.
446 2482 528 2521 128
562 2480 663 2520 l.17
699 2490 1091 2521 SAPIENTISSIMVM
1125 2479 1179 2520 ad
1217 2484 1307 2520 nat.
1342 2490 1359 2519 1
1392 2480 1419 2519 4
1453 2494 1493 2534 p.
1526 2480 1582 2520 64
1614 2479 1639 2519 l.
1668 2481 1694 2520 3
1728 2478 1858 2522 Wiss.

293 2551 489 2593 Socrates
531 2565 580 2591 ex
620 2564 669 2591 ea
705 2556 835 2605 parte
872 2549 1103 2590 damnatus
1137 2554 1208 2597 est,
1245 2564 1329 2604 qua
1354 2548 1540 2604 propius
1572 2554 1856 2603 temptauerat

228 2638 273 2670 35
294 2622 530 2670 ueritatem,
573 2620 671 2662 deos
723 2626 885 2662 uestros
926 2620 1188 2662 destruendo.
1227 2625 1307 2661 cet.
1370 2619 1531 2661 Minue.
1571 2620 1624 2660 13
1666 2617 1705 2675 ἓξ
1746 2621 1853 2660 1-2

295 2706 567 2748 quamquam,
588 2691 627 2732 si
642 2691 976 2747 philosophandi
999 2690 1130 2732 libido
1152 2696 1222 2740 est,
1240 2690 1456 2732 Socratem
1478 2689 1715 2745 sapientiae
1729 2690 1856 2745 prin-

296 2764 440 2818 cipem,
479 2763 654 2816 quisque
690 2767 879 2803 uestrum
913 2767 1058 2802 tautus
1094 2766 1163 2810 est,
1201 2761 1239 2802 si
1269 2760 1468 2815 potuerit,
1502 2760 1704 2801 imitetur.
1767 2761 1857 2801 eius

296 2832 397 2881 uiri,
420 2831 608 2886 quotiens
629 2831 679 2872 cle
702 2830 948 2873 caelestibus
969 2830 1217 2886 royabatur‚
1239 2836 1339 2872 nota
1364 2830 1581 2884 responsio
1610 2836 1693 2871 est:
1724 2829 1857 2885 quod
