1975 3306
254 217 305 256 14
831 213 1238 255 TERTVLLIANI

250 346 386 388 quam
422 331 598 381 lasciua,
638 344 772 386 quam
809 329 992 371 festina!
1056 328 1161 379 Quis
1196 328 1389 370 iuuenis!
1444 343 1579 384 quam
1613 328 1816 378 lasciuus,

250 425 386 466 quam
420 410 634 452 amasius!
696 409 822 451 Facti
856 414 961 450 sunt
995 408 1252 449 Christiani!
1315 408 1388 449 Ita
1420 422 1581 449 nomen
1615 406 1818 448 emenda-

250 490 361 531 tioni
406 490 669 544 imputatur.
731 487 941 529 Nonnulli
988 487 1123 528 etiam
1169 486 1223 528 de
1269 486 1540 528 utilitatibus
1585 486 1674 527 suis
1720 499 1820 527 cum

249 568 350 609 odio
380 568 465 609 isto
496 567 792 622 paciscuntur,
825 566 1023 607 contenti
1051 565 1223 615 iniuria,
1255 565 1362 606 dum
1392 579 1446 606 ne
1476 564 1595 606 domi
1626 564 1821 605 habeant

251 646 371 701 quod
402 645 604 687 oderunt.
666 645 861 687 Uxorem
892 645 982 685 iam
1013 643 1221 699 pudicam
1253 643 1439 684 maritus
1469 643 1558 684 iam
1589 657 1678 684 non
1709 642 1819 683 zelo-

250 729 399 779 typus,
442 724 581 765 filium
621 724 710 764 iam
751 723 1000 764 subiectum
1041 727 1168 777 pater
1207 727 1324 763 retro
1365 721 1538 776 patiens
1578 720 1819 770 abdicauit,

249 818 427 846 seruum
449 803 538 844 iam
561 802 734 843 fidelem
758 801 963 843 dominus
986 801 1089 842 olim
1114 801 1233 842 mitis
1256 799 1312 842 ab
1336 800 1471 841 oculis
1494 799 1727 855 relegauit,
1769 804 1821 840 ut

251 882 437 937 quisque
459 881 541 922 hoc
563 881 739 922 nomine
761 880 1035 930 emendatur,
1055 879 1254 921 offendit.
1311 879 1442 920 Tanti
1459 892 1546 919 non
1565 883 1632 919 est
1653 878 1819 919 bonum

250 960 408 1015 quanti
440 960 590 1001 odium
620 959 982 1001 Christianorum.
1044 957 1174 999 Nunc
1204 957 1350 1013 igitur,
1381 958 1415 999 si
1447 957 1635 998 nominis
1668 956 1819 998 odium

249 1043 331 1087 est,
374 1038 471 1093 quis
515 1037 746 1078 nominum
794 1038 970 1078 reatus?
1057 1035 1180 1086 Quae
1220 1035 1443 1077 accusatio
1484 1035 1817 1084 uocabulorum,

249 1117 332 1158 nisi
356 1116 391 1158 si
417 1122 496 1158 aut
520 1116 760 1158 barbarum
784 1121 915 1157 sonat
945 1115 1093 1169 aliqua
1122 1129 1210 1155 uox
1239 1114 1442 1164 nominis,
1469 1119 1549 1155 aut
1572 1114 1818 1155 infaustum

248 1200 330 1236 aut
367 1194 630 1235 maledicum
668 1199 747 1235 aut
783 1193 1068 1248 inpudicum?
1133 1192 1406 1233 Christianus
1443 1206 1559 1242 uero,
1600 1197 1819 1246 quantum

248 1274 557 1329 interpretatio
581 1279 659 1323 est,
684 1273 736 1313 de
759 1272 967 1313 unctione
988 1271 1233 1312 deducitur.
1296 1270 1380 1312 Sed
1403 1276 1447 1312 et
1468 1285 1567 1312 cum
1590 1284 1818 1325 perperam

250 1352 533 1394 Chrestianus
564 1351 879 1406 pronuntiatur
909 1365 934 1390 a
965 1349 1090 1390 uobis
1123 1350 1243 1401 (nam
1273 1362 1353 1389 nec
1382 1348 1572 1390 nominis
1603 1354 1721 1389 certa
1753 1353 1819 1390 est

248 1431 409 1472 notitia
433 1445 566 1485 penes
588 1432 698 1482 uos),
724 1429 778 1470 de
800 1428 1023 1470 suauitate
1046 1427 1115 1469 uel
1138 1427 1412 1482 benignitate
1435 1427 1713 1482 conpositum
1737 1432 1815 1469 est.

251 1508 410 1550 Oditur
439 1508 592 1562 itaque
620 1507 666 1548 in
697 1506 948 1548 hominibus
977 1505 1176 1547 innocuis
1208 1506 1343 1546 etiam
1372 1520 1533 1546 nomen
1562 1506 1815 1546 innocuum.

248 1586 310 1627 At
348 1586 463 1626 enim
501 1590 621 1626 secta
658 1584 807 1625 oditur
843 1584 888 1625 in
925 1584 1102 1624 nomine
1139 1583 1294 1638 utique
1331 1583 1397 1624 sui
1435 1583 1639 1625 auctoris.
1703 1583 1817 1633 Quid

247 1664 365 1714 noui,
387 1664 422 1705 si
442 1664 589 1718 aliqua
609 1662 839 1717 disciplina
859 1662 912 1703 de
932 1662 1142 1717 magistro
1163 1667 1505 1718 cognomentum
1525 1661 1817 1703 sectatoribus

248 1742 338 1784 suis
354 1742 552 1783 inducit?
616 1740 773 1781 Nonne
790 1740 1038 1794 philosophi
1056 1739 1109 1780 de
1126 1739 1381 1781 auctoribus
1397 1740 1486 1781 suis
1502 1744 1817 1794 nuncupantur

250 1820 480 1870 Platonici,
501 1819 717 1874 Epicurei,
740 1818 1049 1873 Pythagorici?
1089 1818 1223 1859 etiam
1242 1833 1267 1859 a
1285 1818 1391 1860 locis
1409 1818 1816 1859 conuenticulorum

249 1904 294 1940 et
338 1898 583 1939 stationum
628 1911 807 1937 suarum
853 1896 1000 1946 Stoici,
1048 1896 1326 1937 Academici?
1375 1910 1514 1950 aeque
1558 1895 1715 1936 medici
1760 1895 1816 1937 ab

250 1977 519 2018 Erasistrato
543 1981 588 2017 et
609 1975 886 2031 grammatici
909 1974 964 2016 ab
988 1974 1255 2024 Aristarcho,
1281 1975 1371 2015 coci
1395 1975 1529 2016 etiam
1552 1975 1607 2016 ab
1631 1974 1812 2030 Apicio?

248 2070 329 2097 nec
343 2061 492 2097 tamen
508 2068 776 2109 quemquam
791 2052 978 2094 offendit
994 2052 1202 2107 professio
1217 2053 1406 2094 nominis
1421 2068 1520 2094 cum
1536 2053 1817 2095 institutione

249 2134 506 2176 transmissa
527 2133 580 2174 ab
598 2133 867 2173 institutore.
930 2131 1077 2181 Plane,
1098 2131 1131 2172 si
1151 2131 1226 2186 qui
1244 2131 1452 2186 probauit
1469 2132 1631 2172 malam
1649 2137 1815 2173 sectam

250 2221 295 2257 et
315 2216 378 2257 ita
400 2215 565 2256 malum
589 2220 632 2255 et
653 2219 892 2263 auctorem,
915 2213 950 2254 is
971 2212 1180 2268 probabit
1201 2218 1245 2254 et
1265 2228 1425 2254 nomen
1447 2213 1613 2254 malum
1634 2213 1815 2269 dignum

249 2296 350 2337 odio
380 2296 434 2337 de
462 2301 589 2336 reatu
617 2300 762 2335 sectae
792 2299 836 2335 et
865 2293 1069 2343 auctoris,
1100 2293 1286 2348 ideoque
1315 2299 1419 2335 ante
1448 2294 1598 2335 odium
1626 2294 1815 2335 nominis

249 2374 518 2429 conpetebat
543 2373 662 2428 prius
688 2373 742 2413 de
767 2378 947 2413 auctore
972 2377 1139 2413 sectam
1165 2386 1469 2427 recognoscere
1494 2371 1563 2412 uel
1589 2377 1814 2413 auctorem

249 2456 304 2496 de
328 2461 460 2496 secta.
522 2454 582 2495 At
605 2467 722 2494 nunc
745 2453 974 2507 utriusque
996 2452 1280 2507 inquisitione
1304 2457 1348 2493 et
1370 2452 1593 2507 agnitione
1616 2452 1814 2507 neglecta

249 2548 410 2575 nomen
459 2533 694 2582 detinetur,
744 2546 905 2572 nomen
953 2536 1244 2586 expugnatur,
1295 2536 1340 2572 et
1386 2531 1583 2586 ignotam
1631 2520 1810 2581 sectam,

248 2614 450 2669 ignotum
481 2619 524 2654 et
553 2618 778 2654 auctorem
807 2627 895 2653 uox
924 2612 1015 2653 sola
1045 2611 1348 2666 praedamnat,
1381 2611 1483 2666 quia
1512 2611 1810 2661 nominantur,

249 2708 337 2734 non
370 2693 472 2747 quia
503 2692 802 2732 reuincuntur.

335 2830 378 2871 4.
438 2829 586 2883 Atque
617 2828 726 2869 adeo
760 2827 884 2882 quasi
917 2827 1142 2882 praefatus
1174 2827 1281 2868 haec
1312 2827 1369 2868 ad
1401 2827 1692 2883 sugillandam
1724 2827 1812 2869 odii

250 2926 350 2966 erga
366 2925 444 2951 nos
460 2909 621 2964 publici
636 2909 932 2963 iniquitatem,
949 2908 1037 2949 iam
1052 2907 1106 2949 de
1121 2921 1252 2949 causa
1266 2908 1543 2949 innocentiae
1558 2908 1809 2959 consistam,

1841 655 1861 687 5

1842 1048 1886 1070 ῙΟ

1843 1445 1884 1476 15

1834 2629 1880 2660 30
