<?xml version="1.0" encoding="UTF-8"?>
<!DOCTYPE html PUBLIC "-//W3C//DTD XHTML 1.0 Transitional//EN"
    "http://www.w3.org/TR/xhtml1/DTD/xhtml1-transitional.dtd">
<html xmlns="http://www.w3.org/1999/xhtml" xml:lang="en" lang="en">
 <head>
  <title>
</title>
<meta http-equiv="Content-Type" content="text/html;charset=utf-8" />
  <meta name='ocr-system' content='tesseract 3.04.00' />
  <meta name='ocr-capabilities' content='ocr_page ocr_carea ocr_par ocr_line ocrx_word'/>
</head>
<body>
  <div class='ocr_page' id='page_1' title='image "./qseptimiflorenti00tert_0393.png"; bbox 0 0 1975 3306; ppageno 0'>
   <div class='ocr_carea' id='block_1_1' title="bbox 73 174 1638 231">
    <p class='ocr_par' dir='ltr' id='par_1_1' title="bbox 73 174 1638 231">
     <span class='ocr_line' id='line_1_1' title="bbox 73 174 1638 231; baseline -0.001 -15"><span class='ocrx_word' id='word_1_1' title='bbox 73 189 114 231; x_wconf 90' lang='lat' dir='ltr'><em>p.</em></span> <span class='ocrx_word' id='word_1_2' title='bbox 145 175 271 217; x_wconf 87' lang='lat'><em>1041.</em></span> <span class='ocrx_word' id='word_1_3' title='bbox 299 177 371 228; x_wconf 77' lang='grc'><em>32]</em></span> <span class='ocrx_word' id='word_1_4' title='bbox 586 174 1031 217; x_wconf 74' lang='lat' dir='ltr'>APOLOGETIOVS</span> <span class='ocrx_word' id='word_1_5' title='bbox 1065 177 1119 216; x_wconf 88' lang='lat'><em>35</em></span> <span class='ocrx_word' id='word_1_6' title='bbox 1553 177 1638 216; x_wconf 83' lang='lat'><em>369</em></span> 
     </span>
    </p>
   </div>
   <div class='ocr_carea' id='block_1_2' title="bbox 66 289 1704 2941">
    <p class='ocr_par' dir='ltr' id='par_1_2' title="bbox 66 289 1701 1051">
     <span class='ocr_line' id='line_1_2' title="bbox 75 289 1638 347; baseline 0.002 -18"><span class='ocrx_word' id='word_1_7' title='bbox 75 289 284 331; x_wconf 80' lang='lat' dir='ltr'><em>sollicitus</em></span> <span class='ocrx_word' id='word_1_8' title='bbox 324 290 670 332; x_wconf 77' lang='lat' dir='ltr'><em>mathematicum</em></span> <span class='ocrx_word' id='word_1_9' title='bbox 711 290 987 332; x_wconf 75' lang='lat' dir='ltr'><em>consuluisset</em></span> <span class='ocrx_word' id='word_1_10' title='bbox 1031 291 1255 346; x_wconf 79' lang='lat' dir='ltr'><em>positaque</em></span> <span class='ocrx_word' id='word_1_11' title='bbox 1296 291 1402 332; x_wconf 78' lang='lat' dir='ltr'><em>hora</em></span> <span class='ocrx_word' id='word_1_12' title='bbox 1447 291 1638 347; x_wconf 62' lang='lat' dir='ltr'><em>inqentia</em></span> 
     </span>
     <span class='ocr_line' id='line_1_3' title="bbox 81 359 1635 416; baseline 0.002 -17"><span class='ocrx_word' id='word_1_13' title='bbox 81 359 253 401; x_wconf 83' lang='lat' dir='ltr'><em>uidisset</em></span> <span class='ocrx_word' id='word_1_14' title='bbox 276 361 516 415; x_wconf 68' lang='lat' dir='ltr'><em>astroloyus</em></span> <span class='ocrx_word' id='word_1_15' title='bbox 537 360 649 402; x_wconf 69' lang='lat' dir='ltr'><em>clz&#39;oez&#39;t</em></span> <span class='ocrx_word' id='word_1_16' title='bbox 670 361 708 402; x_wconf 81' lang='lat' dir='ltr'><em>ei</em></span> <span class='ocrx_word' id='word_1_17' title='bbox 734 364 889 411; x_wconf 74' lang='lat' dir='ltr'><em>‘tua1n‚</em></span> <span class='ocrx_word' id='word_1_18' title='bbox 910 376 991 402; x_wconf 87' lang='lat' dir='ltr'><em>non</em></span> <span class='ocrx_word' id='word_1_19' title='bbox 1014 361 1205 402; x_wconf 80' lang='lat' dir='ltr'><em>alienam</em></span> <span class='ocrx_word' id='word_1_20' title='bbox 1226 376 1338 416; x_wconf 88' lang='lat' dir='ltr'><em>pone</em></span> <span class='ocrx_word' id='word_1_21' title='bbox 1366 361 1635 416; x_wconf 73' lang='lat' dir='ltr'><em>yenituram.’</em></span> 
     </span>
     <span class='ocr_line' id='line_1_4' title="bbox 76 430 1637 487; baseline 0.002 -17"><span class='ocrx_word' id='word_1_22' title='bbox 76 445 250 485; x_wconf 81' lang='lat' dir='ltr'><em>cumque</em></span> <span class='ocrx_word' id='word_1_23' title='bbox 271 430 454 472; x_wconf 78' lang='lat' dir='ltr'><em>Seuerus</em></span> <span class='ocrx_word' id='word_1_24' title='bbox 485 432 670 473; x_wconf 76' lang='lat' dir='ltr'><em>iurasset</em></span> <span class='ocrx_word' id='word_1_25' title='bbox 700 446 825 473; x_wconf 75' lang='lat' dir='ltr'><em>suam</em></span> <span class='ocrx_word' id='word_1_26' title='bbox 856 447 952 479; x_wconf 89' lang='lat' dir='ltr'><em>esse,</em></span> <span class='ocrx_word' id='word_1_27' title='bbox 975 432 1120 473; x_wconf 83' lang='lat' dir='ltr'><em>omnia</em></span> <span class='ocrx_word' id='word_1_28' title='bbox 1152 432 1190 473; x_wconf 83' lang='lat' dir='ltr'><em>ei</em></span> <span class='ocrx_word' id='word_1_29' title='bbox 1219 431 1330 473; x_wconf 71' lang='lat' dir='ltr'><em>dixit</em></span> <span class='ocrx_word' id='word_1_30' title='bbox 1357 447 1464 487; x_wconf 78' lang='lat' dir='ltr'><em>quae</em></span> <span class='ocrx_word' id='word_1_31' title='bbox 1488 438 1637 487; x_wconf 86' lang='lat' dir='ltr'><em>postea</em></span> 
     </span>
     <span class='ocr_line' id='line_1_5' title="bbox 66 499 1635 557; baseline 0.001 -16"><span class='ocrx_word' id='word_1_32' title='bbox 66 499 195 556; x_wconf 85' lang='lat' dir='ltr'><em>facta</em></span> <span class='ocrx_word' id='word_1_33' title='bbox 225 507 332 543; x_wconf 79' lang='lat' dir='ltr'><em>sunt.</em></span> <span class='ocrx_word' id='word_1_34' title='bbox 397 500 460 543; x_wconf 81' lang='lat' dir='ltr'><em>Cf.</em></span> <span class='ocrx_word' id='word_1_35' title='bbox 484 517 516 543; x_wconf 85' lang='lat' dir='ltr'><em>c.</em></span> <span class='ocrx_word' id='word_1_36' title='bbox 541 502 607 543; x_wconf 74' lang='lat' dir='ltr'><em>4f.</em></span> <span class='ocrx_word' id='word_1_37' title='bbox 630 501 733 543; x_wconf 81' lang='lat' dir='ltr'><em>ibid.</em></span> <span class='ocrx_word' id='word_1_38' title='bbox 764 517 824 557; x_wconf 77' lang='lat' dir='ltr'><em>pr.</em></span> <span class='ocrx_word' id='word_1_39' title='bbox 854 501 899 542; x_wconf 84' lang='lat' dir='ltr'><em>in</em></span> <span class='ocrx_word' id='word_1_40' title='bbox 933 501 1087 543; x_wconf 77' lang='lat' dir='ltr'><em>Sicilia</em></span> <span class='ocrx_word' id='word_1_41' title='bbox 1118 502 1243 556; x_wconf 76' lang='lat' dir='ltr'><em>quasi</em></span> <span class='ocrx_word' id='word_1_42' title='bbox 1274 502 1325 543; x_wconf 87' lang='lat' dir='ltr'><em>de</em></span> <span class='ocrx_word' id='word_1_43' title='bbox 1355 502 1537 557; x_wconf 80' lang='lat' dir='ltr'><em>imperio</em></span> <span class='ocrx_word' id='word_1_44' title='bbox 1569 502 1635 544; x_wconf 77' lang='lat' dir='ltr'><em>uel</em></span> 
     </span>
     <span class='ocr_line' id='line_1_6' title="bbox 77 571 1674 629; baseline 0.003 -19"><span class='ocrx_word' id='word_1_45' title='bbox 77 576 195 612; x_wconf 68' lang='lat' dir='ltr'><em>untes</em></span> <span class='ocrx_word' id='word_1_46' title='bbox 219 572 282 612; x_wconf 86' lang='lat' dir='ltr'><em>uel</em></span> <span class='ocrx_word' id='word_1_47' title='bbox 309 571 545 613; x_wconf 71' lang='lat' dir='ltr'><em>Chaldaeos</em></span> <span class='ocrx_word' id='word_1_48' title='bbox 572 572 846 614; x_wconf 82' lang='lat' dir='ltr'><em>consuluisset</em></span> <span class='ocrx_word' id='word_1_49' title='bbox 873 587 970 614; x_wconf 83' lang='lat' dir='ltr'><em>reus</em></span> <span class='ocrx_word' id='word_1_50' title='bbox 993 572 1145 627; x_wconf 84' lang='lat' dir='ltr'><em>factus</em></span> <span class='ocrx_word' id='word_1_51' title='bbox 1172 578 1241 622; x_wconf 88' lang='lat' dir='ltr'><em>est,</em></span> <span class='ocrx_word' id='word_1_52' title='bbox 1260 573 1490 629; x_wconf 86' lang='lat' dir='ltr'><em>praefectis</em></span> <span class='ocrx_word' id='word_1_53' title='bbox 1505 588 1634 628; x_wconf 87' lang='lat' dir='ltr'><em>prae·</em></span> <span class='ocrx_word' id='word_1_54' title='bbox 1657 588 1674 618; x_wconf 89' lang='grc'><em>5</em></span> 
     </span>
     <span class='ocr_line' id='line_1_7' title="bbox 78 642 1636 698; baseline 0.002 -16"><span class='ocrx_word' id='word_1_55' title='bbox 78 643 197 692; x_wconf 88' lang='lat' dir='ltr'><em>torio,</em></span> <span class='ocrx_word' id='word_1_56' title='bbox 211 642 361 697; x_wconf 80' lang='lat' dir='ltr'><em>quibus</em></span> <span class='ocrx_word' id='word_1_57' title='bbox 384 643 626 685; x_wconf 82' lang='lat' dir='ltr'><em>audiendus</em></span> <span class='ocrx_word' id='word_1_58' title='bbox 647 643 775 685; x_wconf 85' lang='lat' dir='ltr'><em>datus</em></span> <span class='ocrx_word' id='word_1_59' title='bbox 790 643 957 698; x_wconf 87' lang='lat' dir='ltr'><em>fuerat,</em></span> <span class='ocrx_word' id='word_1_60' title='bbox 975 643 1066 684; x_wconf 87' lang='lat' dir='ltr'><em>iam</em></span> <span class='ocrx_word' id='word_1_61' title='bbox 1090 642 1316 685; x_wconf 81' lang='lat' dir='ltr'><em>Commodo</em></span> <span class='ocrx_word' id='word_1_62' title='bbox 1338 644 1384 684; x_wconf 87' lang='lat' dir='ltr'><em>in</em></span> <span class='ocrx_word' id='word_1_63' title='bbox 1407 643 1502 685; x_wconf 85' lang='lat' dir='ltr'><em>odio</em></span> <span class='ocrx_word' id='word_1_64' title='bbox 1524 644 1636 697; x_wconf 57' lang='lat' dir='ltr'><em>(mm</em></span> 
     </span>
     <span class='ocr_line' id='line_1_8' title="bbox 78 711 1636 767; baseline 0.002 -15"><span class='ocrx_word' id='word_1_65' title='bbox 78 711 212 767; x_wconf 84' lang='lat' dir='ltr'>vulg.)</span> <span class='ocrx_word' id='word_1_66' title='bbox 235 713 423 755; x_wconf 69' lang='lat' dir='ltr'><em>ueniente</em></span> <span class='ocrx_word' id='word_1_67' title='bbox 455 713 668 755; x_wconf 83' lang='lat' dir='ltr'><em>absolutus</em></span> <span class='ocrx_word' id='word_1_68' title='bbox 700 719 770 762; x_wconf 85' lang='lat' dir='ltr'><em>est,</em></span> <span class='ocrx_word' id='word_1_69' title='bbox 799 713 1109 755; x_wconf 68' lang='lat' dir='ltr'><em>calumniatore</em></span> <span class='ocrx_word' id='word_1_70' title='bbox 1137 713 1184 754; x_wconf 90' lang='lat' dir='ltr'><em>in</em></span> <span class='ocrx_word' id='word_1_71' title='bbox 1218 728 1382 755; x_wconf 82' lang='lat' dir='ltr'><em>crucem</em></span> <span class='ocrx_word' id='word_1_72' title='bbox 1408 719 1508 755; x_wconf 90' lang='lat' dir='ltr'><em>acto.</em></span> <span class='ocrx_word' id='word_1_73' title='bbox 1572 712 1636 755; x_wconf 83' lang='lat' dir='ltr'><em>Cf.</em></span> 
     </span>
     <span class='ocr_line' id='line_1_9' title="bbox 76 780 1638 839; baseline 0.003 -17"><span class='ocrx_word' id='word_1_74' title='bbox 76 780 283 838; x_wconf 74' lang='lat' dir='ltr'><em>Spartian</em></span> <span class='ocrx_word' id='word_1_75' title='bbox 312 784 426 825; x_wconf 70' lang='lat' dir='ltr'><em>Geta</em></span> <span class='ocrx_word' id='word_1_76' title='bbox 454 786 488 825; x_wconf 90' lang='lat'><em>1.</em></span> <span class='ocrx_word' id='word_1_77' title='bbox 518 786 553 825; x_wconf 92' lang='grc'><em>2.</em></span> <span class='ocrx_word' id='word_1_78' title='bbox 585 786 622 826; x_wconf 84' lang='grc'><em>3.</em></span> <span class='ocrx_word' id='word_1_79' title='bbox 677 783 839 825; x_wconf 73' lang='lat' dir='ltr'><em>Paulus</em></span> <span class='ocrx_word' id='word_1_80' title='bbox 872 783 1071 825; x_wconf 69' lang='lat' dir='ltr'><em>Sentent.</em></span> <span class='ocrx_word' id='word_1_81' title='bbox 1104 795 1136 824; x_wconf 94' lang='lat' dir='ltr'>V</span> <span class='ocrx_word' id='word_1_82' title='bbox 1166 785 1217 824; x_wconf 94' lang='grc'><em>21</em></span> <span class='ocrx_word' id='word_1_83' title='bbox 1251 786 1276 825; x_wconf 87' lang='grc'>3</span> <span class='ocrx_word' id='word_1_84' title='bbox 1311 783 1386 839; x_wconf 78' lang='lat' dir='ltr'><em>qui</em></span> <span class='ocrx_word' id='word_1_85' title='bbox 1418 783 1469 825; x_wconf 89' lang='lat' dir='ltr'><em>de</em></span> <span class='ocrx_word' id='word_1_86' title='bbox 1501 784 1638 826; x_wconf 86' lang='lat' dir='ltr'><em>salute</em></span> 
     </span>
     <span class='ocr_line' id='line_1_10' title="bbox 71 853 1638 909; baseline 0.001 -16"><span class='ocrx_word' id='word_1_87' title='bbox 71 853 288 908; x_wconf 89' lang='lat' dir='ltr'><em>principis</em></span> <span class='ocrx_word' id='word_1_88' title='bbox 309 854 377 895; x_wconf 88' lang='lat' dir='ltr'><em>uel</em></span> <span class='ocrx_word' id='word_1_89' title='bbox 399 869 568 895; x_wconf 83' lang='lat' dir='ltr'><em>summa</em></span> <span class='ocrx_word' id='word_1_90' title='bbox 589 869 635 895; x_wconf 87' lang='lat' dir='ltr'><em>re</em></span> <span class='ocrx_word' id='word_1_91' title='bbox 653 853 830 908; x_wconf 83' lang='lat' dir='ltr'><em>publica</em></span> <span class='ocrx_word' id='word_1_92' title='bbox 846 854 1167 896; x_wconf 80' lang='lat' dir='ltr'><em>mathematicos</em></span> <span class='ocrx_word' id='word_1_93' title='bbox 1183 854 1374 895; x_wconf 83' lang='lat' dir='ltr'><em>hariolos</em></span> <span class='ocrx_word' id='word_1_94' title='bbox 1390 854 1638 909; x_wconf 77' lang='lat' dir='ltr'><em>haruspices</em></span> 
     </span>
     <span class='ocr_line' id='line_1_11' title="bbox 78 923 1701 979; baseline 0 -16"><span class='ocrx_word' id='word_1_95' title='bbox 78 923 380 965; x_wconf 45' lang='lat' dir='ltr'><em>‘uaticinatores</em></span> <span class='ocrx_word' id='word_1_96' title='bbox 421 924 611 972; x_wconf 80' lang='lat' dir='ltr'><em>consulit,</em></span> <span class='ocrx_word' id='word_1_97' title='bbox 645 939 741 966; x_wconf 83' lang='lat' dir='ltr'><em>cum</em></span> <span class='ocrx_word' id='word_1_98' title='bbox 781 938 825 965; x_wconf 88' lang='lat' dir='ltr'><em>eo</em></span> <span class='ocrx_word' id='word_1_99' title='bbox 857 923 931 978; x_wconf 78' lang='lat' dir='ltr'><em>qui</em></span> <span class='ocrx_word' id='word_1_100' title='bbox 961 923 1235 978; x_wconf 86' lang='lat' dir='ltr'><em>responderit,</em></span> <span class='ocrx_word' id='word_1_101' title='bbox 1269 923 1407 978; x_wconf 80' lang='lat' dir='ltr'><em>capite</em></span> <span class='ocrx_word' id='word_1_102' title='bbox 1441 924 1636 979; x_wconf 82' lang='lat' dir='ltr'><em>punitur.</em></span> <span class='ocrx_word' id='word_1_103' title='bbox 1660 941 1701 963; x_wconf 91' lang='lat'><em>10</em></span> 
     </span>
     <span class='ocr_line' id='line_1_12' title="bbox 80 992 1461 1051; baseline 0.001 -17"><span class='ocrx_word' id='word_1_104' title='bbox 80 993 249 1035; x_wconf 80' lang='lat' dir='ltr'><em>Firmic.</em></span> <span class='ocrx_word' id='word_1_105' title='bbox 274 994 459 1036; x_wconf 69' lang='lat' dir='ltr'><em>Matern.</em></span> <span class='ocrx_word' id='word_1_106' title='bbox 477 994 614 1036; x_wconf 67' lang='lat' dir='ltr'><em>Math.</em></span> <span class='ocrx_word' id='word_1_107' title='bbox 638 1006 672 1035; x_wconf 90' lang='grc' dir='ltr'><em>ΙΙ</em></span> <span class='ocrx_word' id='word_1_108' title='bbox 696 996 751 1035; x_wconf 82' lang='grc'><em>30</em></span> <span class='ocrx_word' id='word_1_109' title='bbox 773 992 792 1051; x_wconf 60' lang='grc' dir='ltr'>ξ</span> <span class='ocrx_word' id='word_1_110' title='bbox 814 994 895 1035; x_wconf 79' lang='lat' dir='ltr'><em>4ff.</em></span> <span class='ocrx_word' id='word_1_111' title='bbox 919 993 1082 1035; x_wconf 78' lang='lat' dir='ltr'><em>forbids</em></span> <span class='ocrx_word' id='word_1_112' title='bbox 1104 993 1209 1035; x_wconf 80' lang='lat' dir='ltr'><em>such</em></span> <span class='ocrx_word' id='word_1_113' title='bbox 1232 993 1461 1049; x_wconf 77' lang='lat' dir='ltr'><em>enquiries.</em></span> 
     </span>
    </p>

    <p class='ocr_par' dir='ltr' id='par_1_3' title="bbox 73 1064 1704 2941">
     <span class='ocr_line' id='line_1_13' title="bbox 166 1064 1637 1120; baseline 0.001 -16"><span class='ocrx_word' id='word_1_114' title='bbox 166 1079 204 1120; x_wconf 92' lang='lat' dir='ltr'><em>p.</em></span> <span class='ocrx_word' id='word_1_115' title='bbox 231 1066 313 1105; x_wconf 73' lang='lat'><em>104</em></span> <span class='ocrx_word' id='word_1_116' title='bbox 336 1064 360 1105; x_wconf 89' lang='grc'><em>1.</em></span> <span class='ocrx_word' id='word_1_117' title='bbox 385 1066 438 1105; x_wconf 80' lang='grc'><em>32</em></span> <span class='ocrx_word' id='word_1_118' title='bbox 463 1076 522 1105; x_wconf 85' lang='grc' dir='ltr'><em>ΑΒ</em></span> <span class='ocrx_word' id='word_1_119' title='bbox 544 1076 742 1106; x_wconf 83' lang='lat' dir='ltr'><strong>ANGELIS</strong></span> <span class='ocrx_word' id='word_1_120' title='bbox 764 1080 796 1106; x_wconf 90' lang='lat' dir='ltr'><em>c.</em></span> <span class='ocrx_word' id='word_1_121' title='bbox 819 1067 871 1105; x_wconf 84' lang='lat'><em>21</em></span> <span class='ocrx_word' id='word_1_122' title='bbox 897 1065 922 1105; x_wconf 85' lang='lat' dir='ltr'><em>f.</em></span> <span class='ocrx_word' id='word_1_123' title='bbox 947 1066 1011 1105; x_wconf 91' lang='grc'><em>22.</em></span> <span class='ocrx_word' id='word_1_124' title='bbox 1056 1064 1123 1105; x_wconf 75' lang='lat' dir='ltr'><em>Do</em></span> <span class='ocrx_word' id='word_1_125' title='bbox 1146 1064 1295 1106; x_wconf 86' lang='lat' dir='ltr'><em>Idolol.</em></span> <span class='ocrx_word' id='word_1_126' title='bbox 1314 1066 1338 1105; x_wconf 85' lang='lat'>9</span> <span class='ocrx_word' id='word_1_127' title='bbox 1362 1079 1422 1120; x_wconf 86' lang='lat' dir='ltr'><em>pr.</em></span> <span class='ocrx_word' id='word_1_128' title='bbox 1440 1064 1637 1105; x_wconf 84' lang='lat' dir='ltr'><em>animad-</em></span> 
     </span>
     <span class='ocr_line' id='line_1_14' title="bbox 78 1134 1636 1191; baseline 0.001 -17"><span class='ocrx_word' id='word_1_129' title='bbox 78 1134 286 1175; x_wconf 77' lang='lat' dir='ltr'><em>uertimus</em></span> <span class='ocrx_word' id='word_1_130' title='bbox 306 1134 417 1176; x_wconf 87' lang='lat' dir='ltr'><em>inter</em></span> <span class='ocrx_word' id='word_1_131' title='bbox 440 1141 554 1177; x_wconf 88' lang='lat' dir='ltr'><em>artes</em></span> <span class='ocrx_word' id='word_1_132' title='bbox 575 1135 703 1177; x_wconf 83' lang='lat' dir='ltr'><em>etiam</em></span> <span class='ocrx_word' id='word_1_133' title='bbox 723 1135 1011 1191; x_wconf 74' lang='lat' dir='ltr'><em>professiones</em></span> <span class='ocrx_word' id='word_1_134' title='bbox 1033 1134 1247 1190; x_wconf 81' lang='lat' dir='ltr'><em>quasdam</em></span> <span class='ocrx_word' id='word_1_135' title='bbox 1275 1134 1475 1176; x_wconf 70' lang='lat' dir='ltr'><em>obnooeias</em></span> <span class='ocrx_word' id='word_1_136' title='bbox 1503 1135 1636 1176; x_wconf 85' lang='lat' dir='ltr'><em>idolo-</em></span> 
     </span>
     <span class='ocr_line' id='line_1_15' title="bbox 80 1204 1638 1261; baseline 0 -15"><span class='ocrx_word' id='word_1_137' title='bbox 80 1205 247 1246; x_wconf 91' lang='lat' dir='ltr'><em>latriae.</em></span> <span class='ocrx_word' id='word_1_138' title='bbox 309 1205 361 1247; x_wconf 87' lang='lat' dir='ltr'><em>de</em></span> <span class='ocrx_word' id='word_1_139' title='bbox 393 1206 619 1261; x_wconf 71' lang='lat' dir='ltr'><em>astroloyis</em></span> <span class='ocrx_word' id='word_1_140' title='bbox 654 1220 705 1248; x_wconf 86' lang='lat' dir='ltr'><em>ne</em></span> <span class='ocrx_word' id='word_1_141' title='bbox 741 1205 993 1261; x_wconf 72' lang='lat' dir='ltr'><em>loquendum</em></span> <span class='ocrx_word' id='word_1_142' title='bbox 1035 1204 1206 1260; x_wconf 77' lang='lat' dir='ltr'><em>quidem</em></span> <span class='ocrx_word' id='word_1_143' title='bbox 1246 1211 1461 1247; x_wconf 88' lang='lat' dir='ltr'><em>est....non</em></span> <span class='ocrx_word' id='word_1_144' title='bbox 1503 1205 1638 1259; x_wconf 69' lang='lat' dir='ltr'><em>alleyo</em></span> 
     </span>
     <span class='ocr_line' id='line_1_16' title="bbox 79 1275 1700 1332; baseline -0.001 -16"><span class='ocrx_word' id='word_1_145' title='bbox 79 1275 189 1330; x_wconf 76' lang='lat' dir='ltr'><em>quod</em></span> <span class='ocrx_word' id='word_1_146' title='bbox 229 1276 350 1317; x_wconf 88' lang='lat' dir='ltr'><em>idola</em></span> <span class='ocrx_word' id='word_1_147' title='bbox 393 1276 575 1326; x_wconf 80' lang='lat' dir='ltr'><em>honoret,</em></span> <span class='ocrx_word' id='word_1_148' title='bbox 612 1291 793 1332; x_wconf 50' lang='lat' dir='ltr'><em>quorsum</em></span> <span class='ocrx_word' id='word_1_149' title='bbox 832 1276 1009 1317; x_wconf 83' lang='lat' dir='ltr'><em>nomina</em></span> <span class='ocrx_word' id='word_1_150' title='bbox 1055 1275 1168 1317; x_wconf 85' lang='lat' dir='ltr'><em>caelo</em></span> <span class='ocrx_word' id='word_1_151' title='bbox 1214 1275 1448 1330; x_wconf 71' lang='lat' dir='ltr'><em>inscripsit,</em></span> <span class='ocrx_word' id='word_1_152' title='bbox 1490 1275 1639 1330; x_wconf 77' lang='lat' dir='ltr'><em>quibus</em></span> <span class='ocrx_word' id='word_1_153' title='bbox 1660 1290 1700 1322; x_wconf 87' lang='lat'><em>15</em></span> 
     </span>
     <span class='ocr_line' id='line_1_17' title="bbox 80 1345 1640 1402; baseline -0.001 -15"><span class='ocrx_word' id='word_1_154' title='bbox 80 1360 242 1388; x_wconf 89' lang='lat' dir='ltr'><em>omnem</em></span> <span class='ocrx_word' id='word_1_155' title='bbox 275 1346 345 1388; x_wconf 87' lang='lat' dir='ltr'><em>dei</em></span> <span class='ocrx_word' id='word_1_156' title='bbox 381 1352 630 1402; x_wconf 84' lang='lat' dir='ltr'><em>potestatem</em></span> <span class='ocrx_word' id='word_1_157' title='bbox 667 1346 867 1396; x_wconf 61' lang='lat' dir='ltr'><em>addimit,-</em></span> <span class='ocrx_word' id='word_1_158' title='bbox 909 1346 1020 1401; x_wconf 77' lang='lat' dir='ltr'><em>quod</em></span> <span class='ocrx_word' id='word_1_159' title='bbox 1055 1351 1288 1401; x_wconf 86' lang='lat' dir='ltr'><em>propterea</em></span> <span class='ocrx_word' id='word_1_160' title='bbox 1329 1345 1516 1387; x_wconf 80' lang='lat' dir='ltr'><em>homines</em></span> <span class='ocrx_word' id='word_1_161' title='bbox 1556 1361 1640 1387; x_wconf 83' lang='lat' dir='ltr'><em>non</em></span> 
     </span>
     <span class='ocr_line' id='line_1_18' title="bbox 73 1416 1639 1471; baseline 0.001 -15"><span class='ocrx_word' id='word_1_162' title='bbox 73 1421 231 1470; x_wconf 82' lang='lat' dir='ltr'><em>putant</em></span> <span class='ocrx_word' id='word_1_163' title='bbox 256 1416 381 1457; x_wconf 82' lang='lat' dir='ltr'><em>deum</em></span> <span class='ocrx_word' id='word_1_164' title='bbox 403 1416 717 1471; x_wconf 76' lang='lat' dir='ltr'><em>requirendum,</em></span> <span class='ocrx_word' id='word_1_165' title='bbox 738 1431 897 1471; x_wconf 80' lang='lat' dir='ltr'><em>praesu</em></span> <span class='ocrx_word' id='word_1_166' title='bbox 907 1422 1056 1458; x_wconf 80' lang='lat' dir='ltr'><em>mentes</em></span> <span class='ocrx_word' id='word_1_167' title='bbox 1084 1416 1309 1457; x_wconf 84' lang='lat' dir='ltr'><em>stellarum</em></span> <span class='ocrx_word' id='word_1_168' title='bbox 1333 1431 1407 1457; x_wconf 85' lang='lat' dir='ltr'><em>nos</em></span> <span class='ocrx_word' id='word_1_169' title='bbox 1438 1416 1639 1457; x_wconf 78' lang='lat' dir='ltr'><em>immuta-</em></span> 
     </span>
     <span class='ocr_line' id='line_1_19' title="bbox 79 1485 1641 1542; baseline 0.001 -16"><span class='ocrx_word' id='word_1_170' title='bbox 79 1485 157 1526; x_wconf 84' lang='lat' dir='ltr'><em>bili</em></span> <span class='ocrx_word' id='word_1_171' title='bbox 178 1485 358 1527; x_wconf 85' lang='lat' dir='ltr'><em>arbitrio</em></span> <span class='ocrx_word' id='word_1_172' title='bbox 382 1488 455 1541; x_wconf 66' lang='lat' dir='ltr'><em>aqi</em></span> <span class='ocrx_word' id='word_1_173' title='bbox 469 1503 479 1528; x_wconf 95' lang='grc'><em>.·</em></span> <span class='ocrx_word' id='word_1_174' title='bbox 513 1502 646 1528; x_wconf 80' lang='lat' dir='ltr'><em>unum</em></span> <span class='ocrx_word' id='word_1_175' title='bbox 663 1501 867 1542; x_wconf 76' lang='lat' dir='ltr'><em>propono,</em></span> <span class='ocrx_word' id='word_1_176' title='bbox 891 1487 1062 1541; x_wconf 67' lang='lat' dir='ltr'><em>anyelos</em></span> <span class='ocrx_word' id='word_1_177' title='bbox 1084 1501 1168 1528; x_wconf 92' lang='lat' dir='ltr'><em>esse</em></span> <span class='ocrx_word' id='word_1_178' title='bbox 1189 1486 1289 1527; x_wconf 91' lang='lat' dir='ltr'><em>illos</em></span> <span class='ocrx_word' id='word_1_179' title='bbox 1310 1486 1539 1527; x_wconf 82' lang='lat' dir='ltr'><em>desertores</em></span> <span class='ocrx_word' id='word_1_180' title='bbox 1560 1486 1641 1534; x_wconf 86' lang='lat' dir='ltr'><em>dei,</em></span> 
     </span>
     <span class='ocr_line' id='line_1_20' title="bbox 79 1556 1638 1612; baseline 0.001 -16"><span class='ocrx_word' id='word_1_181' title='bbox 79 1561 292 1597; x_wconf 86' lang='lat' dir='ltr'><em>amatores</em></span> <span class='ocrx_word' id='word_1_182' title='bbox 309 1556 595 1611; x_wconf 84' lang='lat' dir='ltr'><em>feminarum,</em></span> <span class='ocrx_word' id='word_1_183' title='bbox 622 1556 864 1612; x_wconf 77' lang='lat' dir='ltr'><em>proditores</em></span> <span class='ocrx_word' id='word_1_184' title='bbox 895 1557 1025 1598; x_wconf 90' lang='lat' dir='ltr'><em>etiam</em></span> <span class='ocrx_word' id='word_1_185' title='bbox 1055 1556 1183 1598; x_wconf 75' lang='lat' dir='ltr'><em>huius</em></span> <span class='ocrx_word' id='word_1_186' title='bbox 1213 1556 1487 1605; x_wconf 87' lang='lat' dir='ltr'><em>curiositatis,</em></span> <span class='ocrx_word' id='word_1_187' title='bbox 1508 1571 1638 1611; x_wconf 79' lang='lat' dir='ltr'><em>prop-</em></span> 
     </span>
     <span class='ocr_line' id='line_1_21' title="bbox 80 1626 1704 1681; baseline 0 -15"><span class='ocrx_word' id='word_1_188' title='bbox 80 1631 194 1667; x_wconf 83' lang='lat' dir='ltr'><em>terea</em></span> <span class='ocrx_word' id='word_1_189' title='bbox 230 1640 388 1681; x_wconf 75' lang='lat' dir='ltr'><em>quoque</em></span> <span class='ocrx_word' id='word_1_190' title='bbox 430 1626 656 1668; x_wconf 87' lang='lat' dir='ltr'><em>damnatos</em></span> <span class='ocrx_word' id='word_1_191' title='bbox 699 1642 726 1668; x_wconf 89' lang='lat' dir='ltr'><em>a</em></span> <span class='ocrx_word' id='word_1_192' title='bbox 760 1627 845 1668; x_wconf 89' lang='lat' dir='ltr'><em>deo.</em></span> <span class='ocrx_word' id='word_1_193' title='bbox 910 1642 931 1668; x_wconf 95' lang='lat' dir='ltr'><em>o</em></span> <span class='ocrx_word' id='word_1_194' title='bbox 973 1626 1127 1667; x_wconf 86' lang='lat' dir='ltr'><em>diuina</em></span> <span class='ocrx_word' id='word_1_195' title='bbox 1168 1627 1372 1668; x_wconf 89' lang='lat' dir='ltr'><em>sententia</em></span> <span class='ocrx_word' id='word_1_196' title='bbox 1413 1641 1541 1681; x_wconf 50' lang='lat' dir='ltr'><em>susque</em></span> <span class='ocrx_word' id='word_1_197' title='bbox 1582 1626 1639 1667; x_wconf 84' lang='lat' dir='ltr'><em>ad</em></span> <span class='ocrx_word' id='word_1_198' title='bbox 1661 1644 1704 1666; x_wconf 89' lang='lat'><em>20</em></span> 
     </span>
     <span class='ocr_line' id='line_1_22' title="bbox 80 1687 1638 1752; baseline 0.001 -15"><span class='ocrx_word' id='word_1_199' title='bbox 80 1702 243 1738; x_wconf 85' lang='lat' dir='ltr'><em>terram</em></span> <span class='ocrx_word' id='word_1_200' title='bbox 277 1687 494 1752; x_wconf 67' lang='lat' dir='ltr'><em>pertinax,</em></span> <span class='ocrx_word' id='word_1_201' title='bbox 537 1697 606 1739; x_wconf 86' lang='lat' dir='ltr'><em>cui</em></span> <span class='ocrx_word' id='word_1_202' title='bbox 647 1698 777 1739; x_wconf 84' lang='lat' dir='ltr'><em>etiam</em></span> <span class='ocrx_word' id='word_1_203' title='bbox 817 1698 1063 1752; x_wconf 70' lang='lat' dir='ltr'><em>iynorantes</em></span> <span class='ocrx_word' id='word_1_204' title='bbox 1104 1697 1391 1739; x_wconf 85' lang='lat' dir='ltr'><em>testimonium</em></span> <span class='ocrx_word' id='word_1_205' title='bbox 1432 1696 1638 1738; x_wconf 86' lang='lat' dir='ltr'><em>reddunt!</em></span> 
     </span>
     <span class='ocr_line' id='line_1_23' title="bbox 81 1766 1641 1823; baseline 0 -15"><span class='ocrx_word' id='word_1_206' title='bbox 81 1766 350 1821; x_wconf 73' lang='lat' dir='ltr'><em>expelluntur</em></span> <span class='ocrx_word' id='word_1_207' title='bbox 390 1767 691 1817; x_wconf 79' lang='lat' dir='ltr'><em>mathematici,</em></span> <span class='ocrx_word' id='word_1_208' title='bbox 732 1767 841 1810; x_wconf 85' lang='lat' dir='ltr'><em>sicut</em></span> <span class='ocrx_word' id='word_1_209' title='bbox 883 1768 1027 1823; x_wconf 71' lang='lat' dir='ltr'><em>anyeli</em></span> <span class='ocrx_word' id='word_1_210' title='bbox 1067 1782 1223 1809; x_wconf 87' lang='lat' dir='ltr'><em>eorum.</em></span> <span class='ocrx_word' id='word_1_211' title='bbox 1284 1768 1385 1809; x_wconf 57' lang='lat' dir='ltr'><em>‘urbs</em></span> <span class='ocrx_word' id='word_1_212' title='bbox 1419 1774 1457 1809; x_wconf 92' lang='lat' dir='ltr'><em>et</em></span> <span class='ocrx_word' id='word_1_213' title='bbox 1498 1767 1641 1809; x_wconf 89' lang='lat' dir='ltr'><em>Italia</em></span> 
     </span>
     <span class='ocr_line' id='line_1_24' title="bbox 81 1837 1641 1893; baseline 0.001 -16"><span class='ocrx_word' id='word_1_214' title='bbox 81 1837 353 1879; x_wconf 80' lang='lat' dir='ltr'><em>interdicitur</em></span> <span class='ocrx_word' id='word_1_215' title='bbox 383 1838 707 1887; x_wconf 76' lang='lat' dir='ltr'><em>mathematicis,</em></span> <span class='ocrx_word' id='word_1_216' title='bbox 740 1839 849 1880; x_wconf 87' lang='lat' dir='ltr'><em>sicut</em></span> <span class='ocrx_word' id='word_1_217' title='bbox 882 1838 1047 1880; x_wconf 81' lang='lat' dir='ltr'><em>caelum</em></span> <span class='ocrx_word' id='word_1_218' title='bbox 1085 1838 1249 1893; x_wconf 71' lang='lat' dir='ltr'><em>anyelis</em></span> <span class='ocrx_word' id='word_1_219' title='bbox 1280 1852 1436 1880; x_wconf 89' lang='lat' dir='ltr'><em>eorum.</em></span> <span class='ocrx_word' id='word_1_220' title='bbox 1495 1838 1641 1879; x_wconf 88' lang='lat' dir='ltr'><em>eadem</em></span> 
     </span>
     <span class='ocr_line' id='line_1_25' title="bbox 75 1907 1638 1964; baseline 0.001 -16"><span class='ocrx_word' id='word_1_221' title='bbox 75 1922 216 1962; x_wconf 84' lang='lat' dir='ltr'><em>poena</em></span> <span class='ocrx_word' id='word_1_222' title='bbox 242 1914 301 1950; x_wconf 89' lang='lat' dir='ltr'><em>est</em></span> <span class='ocrx_word' id='word_1_223' title='bbox 327 1909 447 1950; x_wconf 67' lang='lat' dir='ltr'><em>exitii</em></span> <span class='ocrx_word' id='word_1_224' title='bbox 478 1909 621 1963; x_wconf 68' lang='lat' dir='ltr'><em>(exilii</em></span> <span class='ocrx_word' id='word_1_225' title='bbox 654 1908 767 1961; x_wconf 74' lang='lat' dir='ltr'><em>Gel.)</em></span> <span class='ocrx_word' id='word_1_226' title='bbox 800 1908 1027 1964; x_wconf 85' lang='lat' dir='ltr'><em>discipulis</em></span> <span class='ocrx_word' id='word_1_227' title='bbox 1055 1914 1095 1950; x_wconf 93' lang='lat' dir='ltr'><em>et</em></span> <span class='ocrx_word' id='word_1_228' title='bbox 1130 1909 1362 1963; x_wconf 72' lang='lat' dir='ltr'><em>mayistris.</em></span> <span class='ocrx_word' id='word_1_229' title='bbox 1425 1908 1492 1949; x_wconf 80' lang='lat' dir='ltr'><em>De</em></span> <span class='ocrx_word' id='word_1_230' title='bbox 1523 1907 1638 1950; x_wconf 71' lang='lat' dir='ltr'><em>Cult.</em></span> 
     </span>
     <span class='ocr_line' id='line_1_26' title="bbox 83 1976 1702 2034; baseline -0.001 -16"><span class='ocrx_word' id='word_1_231' title='bbox 83 1976 241 2019; x_wconf 83' lang='lat' dir='ltr'><em>Fem.1</em></span> <span class='ocrx_word' id='word_1_232' title='bbox 265 1980 289 2018; x_wconf 92' lang='grc'>2</span> <span class='ocrx_word' id='word_1_233' title='bbox 312 1993 372 2034; x_wconf 83' lang='lat' dir='ltr'><em>pr.</em></span> <span class='ocrx_word' id='word_1_234' title='bbox 397 1979 445 2019; x_wconf 91' lang='lat' dir='ltr'><em>of</em></span> <span class='ocrx_word' id='word_1_235' title='bbox 471 1978 547 2019; x_wconf 71' lang='lat' dir='ltr'><em>the</em></span> <span class='ocrx_word' id='word_1_236' title='bbox 578 1978 728 2034; x_wconf 77' lang='lat' dir='ltr'><em>angels</em></span> <span class='ocrx_word' id='word_1_237' title='bbox 760 1978 855 2019; x_wconf 84' lang='lat' dir='ltr'><em>who</em></span> <span class='ocrx_word' id='word_1_238' title='bbox 887 1977 1074 2018; x_wconf 77' lang='lat' dir='ltr'><em>married</em></span> <span class='ocrx_word' id='word_1_239' title='bbox 1107 1977 1183 2019; x_wconf 72' lang='lat' dir='ltr'><em>the</em></span> <span class='ocrx_word' id='word_1_240' title='bbox 1215 1977 1411 2018; x_wconf 78' lang='lat' dir='ltr'><em>children</em></span> <span class='ocrx_word' id='word_1_241' title='bbox 1443 1978 1490 2018; x_wconf 83' lang='lat' dir='ltr'><em>of</em></span> <span class='ocrx_word' id='word_1_242' title='bbox 1516 1992 1702 2024; x_wconf 73' lang='lat' dir='ltr'><em>111en:25</em></span> 
     </span>
     <span class='ocr_line' id='line_1_27' title="bbox 84 2048 1639 2104; baseline -0.001 -15"><span class='ocrx_word' id='word_1_243' title='bbox 84 2062 179 2089; x_wconf 84' lang='lat' dir='ltr'><em>cum</em></span> <span class='ocrx_word' id='word_1_244' title='bbox 203 2054 241 2090; x_wconf 89' lang='lat' dir='ltr'><em>et</em></span> <span class='ocrx_word' id='word_1_245' title='bbox 268 2049 475 2090; x_wconf 88' lang='lat' dir='ltr'><em>materias</em></span> <span class='ocrx_word' id='word_1_246' title='bbox 504 2049 717 2104; x_wconf 76' lang='lat' dir='ltr'><em>quasdam</em></span> <span class='ocrx_word' id='word_1_247' title='bbox 750 2048 846 2090; x_wconf 86' lang='lat' dir='ltr'><em>bene</em></span> <span class='ocrx_word' id='word_1_248' title='bbox 876 2048 1063 2090; x_wconf 87' lang='lat' dir='ltr'><em>occultas</em></span> <span class='ocrx_word' id='word_1_249' title='bbox 1095 2054 1132 2090; x_wconf 89' lang='lat' dir='ltr'><em>et</em></span> <span class='ocrx_word' id='word_1_250' title='bbox 1161 2053 1275 2089; x_wconf 82' lang='lat' dir='ltr'><em>artes</em></span> <span class='ocrx_word' id='word_1_251' title='bbox 1304 2048 1529 2102; x_wconf 78' lang='lat' dir='ltr'><em>plerasque</em></span> <span class='ocrx_word' id='word_1_252' title='bbox 1557 2062 1639 2088; x_wconf 86' lang='lat' dir='ltr'><em>non</em></span> 
     </span>
     <span class='ocr_line' id='line_1_28' title="bbox 83 2116 1640 2173; baseline 0.001 -16"><span class='ocrx_word' id='word_1_253' title='bbox 83 2116 179 2159; x_wconf 85' lang='lat' dir='ltr'><em>bene</em></span> <span class='ocrx_word' id='word_1_254' title='bbox 213 2118 427 2160; x_wconf 88' lang='lat' dir='ltr'><em>reuelatas</em></span> <span class='ocrx_word' id='word_1_255' title='bbox 460 2118 626 2160; x_wconf 85' lang='lat' dir='ltr'><em>saeculo</em></span> <span class='ocrx_word' id='word_1_256' title='bbox 663 2118 796 2159; x_wconf 84' lang='lat' dir='ltr'><em>multo</em></span> <span class='ocrx_word' id='word_1_257' title='bbox 837 2118 979 2172; x_wconf 68' lang='lat' dir='ltr'><em>mayis</em></span> <span class='ocrx_word' id='word_1_258' title='bbox 1012 2118 1211 2172; x_wconf 80' lang='lat' dir='ltr'><em>imperito</em></span> <span class='ocrx_word' id='word_1_259' title='bbox 1240 2117 1543 2173; x_wconf 85' lang='lat' dir='ltr'><em>prodidissent,</em></span> <span class='ocrx_word' id='word_1_260' title='bbox 1581 2118 1640 2158; x_wconf 87' lang='lat' dir='ltr'><em>si-</em></span> 
     </span>
     <span class='ocr_line' id='line_1_29' title="bbox 83 2187 1640 2243; baseline -0.001 -16"><span class='ocrx_word' id='word_1_261' title='bbox 83 2187 265 2241; x_wconf 78' lang='lat' dir='ltr'><em>quidem.</em></span> <span class='ocrx_word' id='word_1_262' title='bbox 278 2221 285 2228; x_wconf 97' lang='lat'><em>.</em></span> <span class='ocrx_word' id='word_1_263' title='bbox 298 2194 349 2229; x_wconf 92' lang='lat' dir='ltr'><em>.et</em></span> <span class='ocrx_word' id='word_1_264' title='bbox 369 2188 709 2229; x_wconf 75' lang='lat' dir='ltr'><em>incantationum</em></span> <span class='ocrx_word' id='word_1_265' title='bbox 730 2188 845 2229; x_wconf 83' lang='lat' dir='ltr'><em>uires</em></span> <span class='ocrx_word' id='word_1_266' title='bbox 861 2188 1237 2243; x_wconf 70' lang='lat' dir='ltr'><em>prouulyauerant</em></span> <span class='ocrx_word' id='word_1_267' title='bbox 1258 2193 1296 2228; x_wconf 92' lang='lat' dir='ltr'><em>et</em></span> <span class='ocrx_word' id='word_1_268' title='bbox 1318 2201 1481 2228; x_wconf 84' lang='lat' dir='ltr'><em>omnem</em></span> <span class='ocrx_word' id='word_1_269' title='bbox 1504 2187 1640 2228; x_wconf 84' lang='lat' dir='ltr'><em>curio-</em></span> 
     </span>
     <span class='ocr_line' id='line_1_30' title="bbox 83 2257 1639 2313; baseline -0.001 -15"><span class='ocrx_word' id='word_1_270' title='bbox 83 2258 253 2299; x_wconf 86' lang='lat' dir='ltr'><em>sitatem</em></span> <span class='ocrx_word' id='word_1_271' title='bbox 303 2273 432 2313; x_wconf 75' lang='lat' dir='ltr'><em>usque</em></span> <span class='ocrx_word' id='word_1_272' title='bbox 472 2258 530 2299; x_wconf 86' lang='lat' dir='ltr'><em>ad</em></span> <span class='ocrx_word' id='word_1_273' title='bbox 576 2258 800 2299; x_wconf 88' lang='lat' dir='ltr'><em>stellarum</em></span> <span class='ocrx_word' id='word_1_274' title='bbox 850 2258 1244 2313; x_wconf 83' lang='lat' dir='ltr'><em>interpretationem</em></span> <span class='ocrx_word' id='word_1_275' title='bbox 1295 2257 1639 2311; x_wconf 70' lang='lat' dir='ltr'><em>desigynanerant.</em></span> 
     </span>
     <span class='ocr_line' id='line_1_31' title="bbox 84 2325 1704 2383; baseline -0.001 -16"><span class='ocrx_word' id='word_1_276' title='bbox 84 2325 139 2367; x_wconf 82' lang='lat' dir='ltr'><em>ib.</em></span> <span class='ocrx_word' id='word_1_277' title='bbox 163 2328 200 2367; x_wconf 86' lang='lat'><em>3.</em></span> <span class='ocrx_word' id='word_1_278' title='bbox 223 2338 259 2367; x_wconf 88' lang='grc' dir='ltr'><em>ΙΙ</em></span> <span class='ocrx_word' id='word_1_279' title='bbox 284 2329 338 2368; x_wconf 91' lang='grc'><em>10</em></span> <span class='ocrx_word' id='word_1_280' title='bbox 360 2327 415 2368; x_wconf 74' lang='lat' dir='ltr'><em>he</em></span> <span class='ocrx_word' id='word_1_281' title='bbox 437 2327 545 2368; x_wconf 71' lang='lat' dir='ltr'><em>cites</em></span> <span class='ocrx_word' id='word_1_282' title='bbox 576 2327 724 2368; x_wconf 85' lang='lat' dir='ltr'><em>Enoch</em></span> <span class='ocrx_word' id='word_1_283' title='bbox 746 2342 793 2368; x_wconf 81' lang='lat' dir='ltr'><em>as</em></span> <span class='ocrx_word' id='word_1_284' title='bbox 815 2327 891 2368; x_wconf 73' lang='lat' dir='ltr'><em>the</em></span> <span class='ocrx_word' id='word_1_285' title='bbox 913 2327 1142 2383; x_wconf 72' lang='lat' dir='ltr'><em>authority</em></span> <span class='ocrx_word' id='word_1_286' title='bbox 1164 2328 1228 2368; x_wconf 84' lang='lat' dir='ltr'><em>for</em></span> <span class='ocrx_word' id='word_1_287' title='bbox 1249 2327 1373 2368; x_wconf 75' lang='lat' dir='ltr'><em>these</em></span> <span class='ocrx_word' id='word_1_288' title='bbox 1395 2325 1638 2367; x_wconf 58' lang='lat' dir='ltr'><em>traditions.</em></span> <span class='ocrx_word' id='word_1_289' title='bbox 1659 2340 1704 2371; x_wconf 84' lang='lat'><em>30</em></span> 
     </span>
     <span class='ocr_line' id='line_1_32' title="bbox 89 2396 1639 2455; baseline 0 -17"><span class='ocrx_word' id='word_1_290' title='bbox 89 2397 247 2440; x_wconf 69' lang='lat' dir='ltr'><em>Tatian</em></span> <span class='ocrx_word' id='word_1_291' title='bbox 269 2401 294 2439; x_wconf 86' lang='lat'>8</span> <span class='ocrx_word' id='word_1_292' title='bbox 320 2397 577 2455; x_wconf 76' lang='grc' dir='ltr'>διάὙραμμα</span> <span class='ocrx_word' id='word_1_293' title='bbox 608 2397 694 2454; x_wconf 59' lang='grc' dir='ltr'><em>«γὰρ</em></span> <span class='ocrx_word' id='word_1_294' title='bbox 728 2399 879 2444; x_wconf 79' lang='grc' dir='ltr'>αὐτοῖς</span> <span class='ocrx_word' id='word_1_295' title='bbox 902 2399 1014 2453; x_wconf 78' lang='grc' dir='ltr'>[τοῖς</span> <span class='ocrx_word' id='word_1_296' title='bbox 1045 2397 1314 2452; x_wconf 71' lang='grc' dir='ltr'>ἀνθρώποις]</span> <span class='ocrx_word' id='word_1_297' title='bbox 1341 2396 1639 2453; x_wconf 82' lang='grc' dir='ltr'>ἀστροθεσίας</span> 
     </span>
     <span class='ocr_line' id='line_1_33' title="bbox 87 2466 1640 2523; baseline -0.001 -15"><span class='ocrx_word' id='word_1_298' title='bbox 87 2466 393 2521; x_wconf 77' lang='grc' dir='ltr'>ἀναδείξαντες</span> <span class='ocrx_word' id='word_1_299' title='bbox 437 2468 497 2522; x_wconf 90' lang='grc' dir='ltr'><em>[οἱ</em></span> <span class='ocrx_word' id='word_1_300' title='bbox 535 2466 766 2522; x_wconf 81' lang='grc' dir='ltr'>δαίμονες],</span> <span class='ocrx_word' id='word_1_301' title='bbox 800 2467 954 2523; x_wconf 83' lang='grc' dir='ltr'><em>ὥσπερ</em></span> <span class='ocrx_word' id='word_1_302' title='bbox 998 2468 1039 2510; x_wconf 85' lang='grc' dir='ltr'><em>οἱ</em></span> <span class='ocrx_word' id='word_1_303' title='bbox 1081 2470 1172 2513; x_wconf 80' lang='grc' dir='ltr'>τοῖς</span> <span class='ocrx_word' id='word_1_304' title='bbox 1203 2466 1361 2519; x_wconf 70' lang='grc' dir='ltr'>κύβοις</span> <span class='ocrx_word' id='word_1_305' title='bbox 1396 2466 1640 2518; x_wconf 80' lang='grc' dir='ltr'>παίζοντες,</span> 
     </span>
     <span class='ocr_line' id='line_1_34' title="bbox 86 2536 1637 2594; baseline -0.001 -14"><span class='ocrx_word' id='word_1_306' title='bbox 86 2537 164 2589; x_wconf 82' lang='grc' dir='ltr'><em>τὴν</em></span> <span class='ocrx_word' id='word_1_307' title='bbox 198 2537 461 2594; x_wconf 82' lang='grc' dir='ltr'>εἱμαρμένην</span> <span class='ocrx_word' id='word_1_308' title='bbox 498 2538 798 2592; x_wconf 78' lang='grc' dir='ltr'>εἰσηὙήσαντο</span> <span class='ocrx_word' id='word_1_309' title='bbox 839 2538 945 2581; x_wconf 84' lang='grc' dir='ltr'>λίαν</span> <span class='ocrx_word' id='word_1_310' title='bbox 982 2537 1145 2580; x_wconf 82' lang='grc' dir='ltr'><em>ἄδικον.</em></span> <span class='ocrx_word' id='word_1_311' title='bbox 1208 2536 1426 2578; x_wconf 81' lang='lat' dir='ltr'><em>Ammian.</em></span> <span class='ocrx_word' id='word_1_312' title='bbox 1465 2536 1637 2578; x_wconf 71' lang='lat' dir='ltr'><em>Marcel.</em></span> 
     </span>
     <span class='ocr_line' id='line_1_35' title="bbox 87 2606 1636 2664; baseline -0.001 -16"><span class='ocrx_word' id='word_1_313' title='bbox 87 2618 208 2648; x_wconf 86' lang='lat' dir='ltr'>XXIX</span> <span class='ocrx_word' id='word_1_314' title='bbox 232 2610 256 2648; x_wconf 90' lang='grc'>2</span> <span class='ocrx_word' id='word_1_315' title='bbox 280 2609 304 2649; x_wconf 88' lang='lat' dir='ltr'><em>f.</em></span> <span class='ocrx_word' id='word_1_316' title='bbox 326 2607 345 2664; x_wconf 63' lang='grc' dir='ltr'>ξ</span> <span class='ocrx_word' id='word_1_317' title='bbox 367 2607 419 2649; x_wconf 84' lang='grc'><em>27</em></span> <span class='ocrx_word' id='word_1_318' title='bbox 444 2608 619 2661; x_wconf 80' lang='lat' dir='ltr'><em>(below)</em></span> <span class='ocrx_word' id='word_1_319' title='bbox 645 2608 892 2657; x_wconf 67' lang='lat' dir='ltr'><em>Lindenbr„</em></span> <span class='ocrx_word' id='word_1_320' title='bbox 919 2608 1277 2649; x_wconf 87' lang='lat' dir='ltr'><em>constellationem</em></span> <span class='ocrx_word' id='word_1_321' title='bbox 1311 2606 1524 2661; x_wconf 86' lang='lat' dir='ltr'><em>principis</em></span> <span class='ocrx_word' id='word_1_322' title='bbox 1555 2606 1636 2647; x_wconf 92' lang='lat' dir='ltr'><em>col-</em></span> 
     </span>
     <span class='ocr_line' id='line_1_36' title="bbox 86 2675 1701 2733; baseline -0.001 -15"><span class='ocrx_word' id='word_1_323' title='bbox 86 2677 227 2731; x_wconf 72' lang='lat' dir='ltr'><em>liyere.</em></span> <span class='ocrx_word' id='word_1_324' title='bbox 291 2677 495 2719; x_wconf 80' lang='lat' dir='ltr'><em>Hermias</em></span> <span class='ocrx_word' id='word_1_325' title='bbox 525 2693 595 2733; x_wconf 94' lang='lat' dir='ltr'><em>pp.</em></span> <span class='ocrx_word' id='word_1_326' title='bbox 620 2679 791 2719; x_wconf 82' lang='lat'>213—4</span> <span class='ocrx_word' id='word_1_327' title='bbox 809 2690 845 2719; x_wconf 83' lang='lat' dir='ltr'><em>C.</em></span> <span class='ocrx_word' id='word_1_328' title='bbox 908 2677 1029 2718; x_wconf 87' lang='lat' dir='ltr'><em>Book</em></span> <span class='ocrx_word' id='word_1_329' title='bbox 1060 2677 1108 2718; x_wconf 85' lang='lat' dir='ltr'><em>of</em></span> <span class='ocrx_word' id='word_1_330' title='bbox 1134 2676 1292 2717; x_wconf 83' lang='lat' dir='ltr'><em>Enoch.</em></span> <span class='ocrx_word' id='word_1_331' title='bbox 1356 2675 1490 2718; x_wconf 77' lang='lat' dir='ltr'><em>Clem.</em></span> <span class='ocrx_word' id='word_1_332' title='bbox 1514 2675 1635 2717; x_wconf 76' lang='lat' dir='ltr'><em>Alex.</em></span> <span class='ocrx_word' id='word_1_333' title='bbox 1657 2690 1701 2722; x_wconf 83' lang='lat'><em>35</em></span> 
     </span>
     <span class='ocr_line' id='line_1_37' title="bbox 85 2746 1635 2802; baseline -0.001 -15"><span class='ocrx_word' id='word_1_334' title='bbox 85 2761 125 2801; x_wconf 88' lang='lat' dir='ltr'><em>p.</em></span> <span class='ocrx_word' id='word_1_335' title='bbox 157 2749 268 2789; x_wconf 88' lang='grc'><em>1002</em></span> <span class='ocrx_word' id='word_1_336' title='bbox 288 2748 331 2788; x_wconf 91' lang='grc' dir='ltr'><em>Ρ.</em></span> <span class='ocrx_word' id='word_1_337' title='bbox 394 2747 552 2789; x_wconf 72' lang='lat' dir='ltr'><em>Strom.</em></span> <span class='ocrx_word' id='word_1_338' title='bbox 585 2758 612 2788; x_wconf 89' lang='grc' dir='ltr'><em>Ι.</em></span> <span class='ocrx_word' id='word_1_339' title='bbox 635 2762 673 2802; x_wconf 89' lang='lat' dir='ltr'><em>p.</em></span> <span class='ocrx_word' id='word_1_340' title='bbox 697 2749 781 2789; x_wconf 85' lang='grc'><em>366</em></span> <span class='ocrx_word' id='word_1_341' title='bbox 798 2747 841 2788; x_wconf 88' lang='lat' dir='ltr'><em>P.</em></span> <span class='ocrx_word' id='word_1_342' title='bbox 870 2749 954 2788; x_wconf 80' lang='lat'><em>368</em></span> <span class='ocrx_word' id='word_1_343' title='bbox 986 2761 1045 2801; x_wconf 83' lang='lat' dir='ltr'><em>sq.</em></span> <span class='ocrx_word' id='word_1_344' title='bbox 1071 2758 1099 2786; x_wconf 93' lang='lat' dir='ltr'>V</span> <span class='ocrx_word' id='word_1_345' title='bbox 1123 2748 1218 2788; x_wconf 84' lang='lat'><em>650.</em></span> <span class='ocrx_word' id='word_1_346' title='bbox 1241 2757 1290 2785; x_wconf 74' lang='lat' dir='ltr'><em>Vt</em></span> <span class='ocrx_word' id='word_1_347' title='bbox 1319 2746 1413 2785; x_wconf 85' lang='grc'>822.</span> <span class='ocrx_word' id='word_1_348' title='bbox 1441 2756 1510 2785; x_wconf 84' lang='lat' dir='ltr'><em>VH</em></span> <span class='ocrx_word' id='word_1_349' title='bbox 1540 2746 1635 2786; x_wconf 78' lang='lat'><em>832.</em></span> 
     </span>
     <span class='ocr_line' id='line_1_38' title="bbox 87 2813 1637 2872; baseline -0.002 -15"><span class='ocrx_word' id='word_1_350' title='bbox 87 2816 244 2858; x_wconf 70' lang='lat' dir='ltr'><em>Iustin.</em></span> <span class='ocrx_word' id='word_1_351' title='bbox 267 2817 390 2872; x_wconf 84' lang='lat' dir='ltr'><em>Apol.</em></span> <span class='ocrx_word' id='word_1_352' title='bbox 421 2828 456 2857; x_wconf 86' lang='grc' dir='ltr'><em>ΙΙ</em></span> <span class='ocrx_word' id='word_1_353' title='bbox 489 2819 513 2858; x_wconf 84' lang='grc'>5</span> <span class='ocrx_word' id='word_1_354' title='bbox 540 2832 579 2872; x_wconf 92' lang='lat' dir='ltr'><em>p.</em></span> <span class='ocrx_word' id='word_1_355' title='bbox 609 2814 695 2857; x_wconf 70' lang='lat'><em>44¹³.</em></span> <span class='ocrx_word' id='word_1_356' title='bbox 757 2816 870 2871; x_wconf 85' lang='lat' dir='ltr'><em>Aug.</em></span> <span class='ocrx_word' id='word_1_357' title='bbox 904 2816 971 2856; x_wconf 78' lang='lat' dir='ltr'><em>Do</em></span> <span class='ocrx_word' id='word_1_358' title='bbox 1004 2815 1100 2857; x_wconf 77' lang='lat' dir='ltr'><em>Ciu.</em></span> <span class='ocrx_word' id='word_1_359' title='bbox 1131 2814 1216 2856; x_wconf 76' lang='lat' dir='ltr'><em>Dei</em></span> <span class='ocrx_word' id='word_1_360' title='bbox 1238 2826 1268 2855; x_wconf 93' lang='lat' dir='ltr'>V</span> <span class='ocrx_word' id='word_1_361' title='bbox 1292 2813 1328 2855; x_wconf 84' lang='lat'><em>7.</em></span> <span class='ocrx_word' id='word_1_362' title='bbox 1391 2814 1517 2869; x_wconf 79' lang='lat' dir='ltr'><em>Kaye</em></span> <span class='ocrx_word' id='word_1_363' title='bbox 1541 2816 1637 2855; x_wconf 94' lang='grc'>201.</span> 
     </span>
     <span class='ocr_line' id='line_1_39' title="bbox 89 2885 895 2941; baseline 0 -15"><span class='ocrx_word' id='word_1_364' title='bbox 89 2885 488 2941; x_wconf 63' lang='lat' dir='ltr'><em>Boucho-Leclercq</em></span> <span class='ocrx_word' id='word_1_365' title='bbox 509 2886 666 2927; x_wconf 69' lang='lat' dir='ltr'><em>Astrol.</em></span> <span class='ocrx_word' id='word_1_366' title='bbox 689 2900 727 2941; x_wconf 92' lang='lat' dir='ltr'><em>p.</em></span> <span class='ocrx_word' id='word_1_367' title='bbox 752 2887 835 2927; x_wconf 82' lang='lat'><em>619</em></span> <span class='ocrx_word' id='word_1_368' title='bbox 860 2888 895 2926; x_wconf 92' lang='grc'><em>2.</em></span> 
     </span>
    </p>
   </div>
   <div class='ocr_carea' id='block_1_3' title="bbox 197 2963 1527 3007">
    <p class='ocr_par' dir='ltr' id='par_1_4' title="bbox 197 2963 1527 3007">
     <span class='ocr_line' id='line_1_40' title="bbox 197 2963 1527 3007; baseline -0.004 -3"><span class='ocrx_word' id='word_1_369' title='bbox 197 2979 237 3007; x_wconf 90' lang='lat' dir='ltr'><em>M.</em></span> <span class='ocrx_word' id='word_1_370' title='bbox 260 2979 294 3007; x_wconf 85' lang='lat' dir='ltr'><em>T.</em></span> <span class='ocrx_word' id='word_1_371' title='bbox 1478 2963 1527 2999; x_wconf 81' lang='lat'><em>24</em></span> 
     </span>
    </p>
   </div>
  </div>
 </body>
</html>
