<?xml version="1.0" encoding="UTF-8"?>
<!DOCTYPE html PUBLIC "-//W3C//DTD XHTML 1.0 Transitional//EN"
    "http://www.w3.org/TR/xhtml1/DTD/xhtml1-transitional.dtd">
<html xmlns="http://www.w3.org/1999/xhtml" xml:lang="en" lang="en">
 <head>
  <title>
</title>
<meta http-equiv="Content-Type" content="text/html;charset=utf-8" />
  <meta name='ocr-system' content='tesseract 3.04.00' />
  <meta name='ocr-capabilities' content='ocr_page ocr_carea ocr_par ocr_line ocrx_word'/>
</head>
<body>
  <div class='ocr_page' id='page_1' title='image "./qseptimiflorenti00tert_0437.png"; bbox 0 0 1975 3306; ppageno 0'>
   <div class='ocr_carea' id='block_1_1' title="bbox 95 124 1669 179">
    <p class='ocr_par' dir='ltr' id='par_1_1' title="bbox 95 124 1669 179">
     <span class='ocr_line' id='line_1_1' title="bbox 95 124 1669 179; baseline 0.001 -14"><span class='ocrx_word' id='word_1_1' title='bbox 95 137 140 179; x_wconf 90' lang='lat' dir='ltr'><em>p.</em></span> <span class='ocrx_word' id='word_1_2' title='bbox 169 124 301 167; x_wconf 87' lang='lat'><em>1201.</em></span> <span class='ocrx_word' id='word_1_3' title='bbox 327 126 367 179; x_wconf 89' lang='lat'><em>3]</em></span> <span class='ocrx_word' id='word_1_4' title='bbox 569 126 1015 170; x_wconf 76' lang='lat' dir='ltr'>APOLOGETICVS</span> <span class='ocrx_word' id='word_1_5' title='bbox 1048 128 1117 178; x_wconf 88' lang='lat'><em>40,</em></span> <span class='ocrx_word' id='word_1_6' title='bbox 1151 128 1203 168; x_wconf 84' lang='lat'><em>41</em></span> <span class='ocrx_word' id='word_1_7' title='bbox 1583 127 1669 166; x_wconf 86' lang='lat'><em>413</em></span> 
     </span>
    </p>
   </div>
   <div class='ocr_carea' id='block_1_2' title="bbox 100 239 1752 2263">
    <p class='ocr_par' dir='ltr' id='par_1_2' title="bbox 100 239 1668 511">
     <span class='ocr_line' id='line_1_2' title="bbox 101 239 1667 299; baseline 0.003 -18"><span class='ocrx_word' id='word_1_8' title='bbox 101 239 168 281; x_wconf 87' lang='lat' dir='ltr'><em>De</em></span> <span class='ocrx_word' id='word_1_9' title='bbox 201 240 347 297; x_wconf 85' lang='lat' dir='ltr'><em>Lapsu</em></span> <span class='ocrx_word' id='word_1_10' title='bbox 372 241 490 299; x_wconf 84' lang='lat' dir='ltr'><em>Virg.</em></span> <span class='ocrx_word' id='word_1_11' title='bbox 515 245 540 284; x_wconf 92' lang='grc'>8</span> <span class='ocrx_word' id='word_1_12' title='bbox 568 240 588 299; x_wconf 64' lang='grc' dir='ltr'>ξ</span> <span class='ocrx_word' id='word_1_13' title='bbox 616 245 670 285; x_wconf 87' lang='grc'><em>35</em></span> <span class='ocrx_word' id='word_1_14' title='bbox 701 249 834 285; x_wconf 80' lang='lat' dir='ltr'><em>totam</em></span> <span class='ocrx_word' id='word_1_15' title='bbox 867 258 1020 298; x_wconf 81' lang='lat' dir='ltr'><em>corpas</em></span> <span class='ocrx_word' id='word_1_16' title='bbox 1050 243 1225 285; x_wconf 77' lang='lat' dir='ltr'><em>incuria</em></span> <span class='ocrx_word' id='word_1_17' title='bbox 1257 248 1295 284; x_wconf 89' lang='lat' dir='ltr'><em>et</em></span> <span class='ocrx_word' id='word_1_18' title='bbox 1326 243 1501 284; x_wconf 71' lang='lat' dir='ltr'><em>ieiuniis</em></span> <span class='ocrx_word' id='word_1_19' title='bbox 1534 258 1667 285; x_wconf 81' lang='lat' dir='ltr'><em>mace-</em></span> 
     </span>
     <span class='ocr_line' id='line_1_3' title="bbox 100 313 1668 369; baseline 0.001 -17"><span class='ocrx_word' id='word_1_20' title='bbox 100 317 231 360; x_wconf 76' lang='lat' dir='ltr'><em>retur,</em></span> <span class='ocrx_word' id='word_1_21' title='bbox 268 313 407 354; x_wconf 82' lang='lat' dir='ltr'><em>cinere</em></span> <span class='ocrx_word' id='word_1_22' title='bbox 446 313 701 369; x_wconf 81' lang='lat' dir='ltr'><em>adspersam</em></span> <span class='ocrx_word' id='word_1_23' title='bbox 739 320 777 356; x_wconf 88' lang='lat' dir='ltr'><em>et</em></span> <span class='ocrx_word' id='word_1_24' title='bbox 811 320 1005 369; x_wconf 65' lang='lat' dir='ltr'><em>opertam</em></span> <span class='ocrx_word' id='word_1_25' title='bbox 1043 314 1184 356; x_wconf 81' lang='lat' dir='ltr'><em>cilicio</em></span> <span class='ocrx_word' id='word_1_26' title='bbox 1220 313 1533 369; x_wconf 76' lang='lat' dir='ltr'><em>perhorrescat,</em></span> <span class='ocrx_word' id='word_1_27' title='bbox 1566 314 1668 368; x_wconf 72' lang='lat' dir='ltr'><em>qaia</em></span> 
     </span>
     <span class='ocr_line' id='line_1_4' title="bbox 102 382 1668 440; baseline 0.001 -18"><span class='ocrx_word' id='word_1_28' title='bbox 102 382 216 423; x_wconf 81' lang='lat' dir='ltr'><em>male</em></span> <span class='ocrx_word' id='word_1_29' title='bbox 244 382 325 423; x_wconf 82' lang='lat' dir='ltr'><em>sibi</em></span> <span class='ocrx_word' id='word_1_30' title='bbox 351 384 401 424; x_wconf 83' lang='lat' dir='ltr'><em>(le</em></span> <span class='ocrx_word' id='word_1_31' title='bbox 434 385 755 439; x_wconf 63' lang='lat' dir='ltr'><em>pulchritudine</em></span> <span class='ocrx_word' id='word_1_32' title='bbox 783 385 963 440; x_wconf 79' lang='lat' dir='ltr'><em>placuit.</em></span> <span class='ocrx_word' id='word_1_33' title='bbox 1040 384 1220 426; x_wconf 82' lang='lat' dir='ltr'><em>Maxim.</em></span> <span class='ocrx_word' id='word_1_34' title='bbox 1250 384 1427 426; x_wconf 68' lang='lat' dir='ltr'><em>TaurIn.</em></span> <span class='ocrx_word' id='word_1_35' title='bbox 1457 384 1585 425; x_wconf 86' lang='lat' dir='ltr'><em>Hom.</em></span> <span class='ocrx_word' id='word_1_36' title='bbox 1615 383 1668 425; x_wconf 83' lang='lat' dir='ltr'><em>de</em></span> 
     </span>
     <span class='ocr_line' id='line_1_5' title="bbox 105 451 1667 511; baseline 0.001 -18"><span class='ocrx_word' id='word_1_37' title='bbox 105 451 293 495; x_wconf 75' lang='lat' dir='ltr'><em>Litaniis</em></span> <span class='ocrx_word' id='word_1_38' title='bbox 338 454 397 507; x_wconf 89' lang='lat'><em>[=</em></span> <span class='ocrx_word' id='word_1_39' title='bbox 415 454 579 511; x_wconf 83' lang='lat' dir='ltr'><em>Migne,</em></span> <span class='ocrx_word' id='word_1_40' title='bbox 615 455 658 497; x_wconf 90' lang='lat' dir='ltr'><em>P.</em></span> <span class='ocrx_word' id='word_1_41' title='bbox 683 455 729 496; x_wconf 93' lang='lat' dir='ltr'><em>L.</em></span> <span class='ocrx_word' id='word_1_42' title='bbox 769 467 865 496; x_wconf 89' lang='lat' dir='ltr'>LVII</span> <span class='ocrx_word' id='word_1_43' title='bbox 905 453 1022 496; x_wconf 69' lang='lat' dir='ltr'><em>459b.</em></span> <span class='ocrx_word' id='word_1_44' title='bbox 1090 454 1230 510; x_wconf 84' lang='lat' dir='ltr'><em>A.S.].</em></span> <span class='ocrx_word' id='word_1_45' title='bbox 1299 454 1418 496; x_wconf 86' lang='lat' dir='ltr'><em>Hier.</em></span> <span class='ocrx_word' id='word_1_46' title='bbox 1454 453 1580 510; x_wconf 69' lang='lat' dir='ltr'><em>epist.</em></span> <span class='ocrx_word' id='word_1_47' title='bbox 1616 453 1667 495; x_wconf 83' lang='lat'><em>77</em></span> 
     </span>
    </p>

    <p class='ocr_par' dir='ltr' id='par_1_3' title="bbox 104 520 1744 1423">
     <span class='ocr_line' id='line_1_6' title="bbox 104 520 1711 582; baseline 0.004 -19"><span class='ocrx_word' id='word_1_48' title='bbox 104 520 125 578; x_wconf 63' lang='grc' dir='ltr'>ξ</span> <span class='ocrx_word' id='word_1_49' title='bbox 155 524 182 563; x_wconf 99' lang='grc'>4</span> <span class='ocrx_word' id='word_1_50' title='bbox 214 530 249 576; x_wconf 88' lang='lat' dir='ltr'><em>(I</em></span> <span class='ocrx_word' id='word_1_51' title='bbox 282 538 323 579; x_wconf 92' lang='lat' dir='ltr'><em>p.</em></span> <span class='ocrx_word' id='word_1_52' title='bbox 355 522 494 578; x_wconf 67' lang='lat'><em>455‘1).</em></span> <span class='ocrx_word' id='word_1_53' title='bbox 558 525 700 567; x_wconf 82' lang='lat' dir='ltr'><em>Ruric.</em></span> <span class='ocrx_word' id='word_1_54' title='bbox 736 541 802 582; x_wconf 87' lang='lat' dir='ltr'><em>ep.</em></span> <span class='ocrx_word' id='word_1_55' title='bbox 839 528 890 567; x_wconf 83' lang='lat'><em>21</em></span> <span class='ocrx_word' id='word_1_56' title='bbox 927 532 973 568; x_wconf 80' lang='lat' dir='ltr'><em>ut</em></span> <span class='ocrx_word' id='word_1_57' title='bbox 1003 526 1217 581; x_wconf 72' lang='lat' dir='ltr'><em>deponant</em></span> <span class='ocrx_word' id='word_1_58' title='bbox 1243 525 1404 567; x_wconf 76' lang='lat' dir='ltr'><em>saeculi</em></span> <span class='ocrx_word' id='word_1_59' title='bbox 1433 524 1606 580; x_wconf 73' lang='lat' dir='ltr'><em>byrrum</em></span> <span class='ocrx_word' id='word_1_60' title='bbox 1636 529 1711 569; x_wconf 82' lang='lat' dir='ltr'><em>et5</em></span> 
     </span>
     <span class='ocr_line' id='line_1_7' title="bbox 105 594 1674 652; baseline 0.001 -18"><span class='ocrx_word' id='word_1_61' title='bbox 105 599 278 635; x_wconf 82' lang='lat' dir='ltr'><em>sumant</em></span> <span class='ocrx_word' id='word_1_62' title='bbox 318 594 515 637; x_wconf 84' lang='lat' dir='ltr'><em>ecclesiae</em></span> <span class='ocrx_word' id='word_1_63' title='bbox 559 597 864 645; x_wconf 70' lang='lat' dir='ltr'><em>uestimentum,</em></span> <span class='ocrx_word' id='word_1_64' title='bbox 909 595 1019 652; x_wconf 74' lang='lat' dir='ltr'><em>qnod</em></span> <span class='ocrx_word' id='word_1_65' title='bbox 1062 602 1121 638; x_wconf 88' lang='lat' dir='ltr'><em>est</em></span> <span class='ocrx_word' id='word_1_66' title='bbox 1162 596 1363 645; x_wconf 76' lang='lat' dir='ltr'><em>cilicium,</em></span> <span class='ocrx_word' id='word_1_67' title='bbox 1409 595 1674 637; x_wconf 68' lang='lat' dir='ltr'><em>contritionis</em></span> 
     </span>
     <span class='ocr_line' id='line_1_8' title="bbox 107 663 1672 723; baseline 0.001 -19"><span class='ocrx_word' id='word_1_68' title='bbox 107 663 329 706; x_wconf 78' lang='lat' dir='ltr'><em>indiciam.</em></span> <span class='ocrx_word' id='word_1_69' title='bbox 384 665 510 721; x_wconf 83' lang='lat' dir='ltr'><em>Greg.</em></span> <span class='ocrx_word' id='word_1_70' title='bbox 535 667 640 707; x_wconf 78' lang='lat' dir='ltr'><em>NaZ.</em></span> <span class='ocrx_word' id='word_1_71' title='bbox 661 666 732 708; x_wconf 80' lang='lat' dir='ltr'><em>Or.</em></span> <span class='ocrx_word' id='word_1_72' title='bbox 759 670 776 707; x_wconf 93' lang='grc'>1</span> <span class='ocrx_word' id='word_1_73' title='bbox 805 667 859 721; x_wconf 90' lang='lat'><em>[=</em></span> <span class='ocrx_word' id='word_1_74' title='bbox 881 669 905 707; x_wconf 83' lang='lat'><strong>2</strong></span> <span class='ocrx_word' id='word_1_75' title='bbox 928 666 947 723; x_wconf 61' lang='grc' dir='ltr'>ξ</span> <span class='ocrx_word' id='word_1_76' title='bbox 970 669 1036 715; x_wconf 83' lang='grc'><em>59,</em></span> <span class='ocrx_word' id='word_1_77' title='bbox 1060 667 1222 723; x_wconf 85' lang='lat' dir='ltr'><em>Migne,</em></span> <span class='ocrx_word' id='word_1_78' title='bbox 1242 666 1286 708; x_wconf 91' lang='lat' dir='ltr'><em>P.</em></span> <span class='ocrx_word' id='word_1_79' title='bbox 1305 666 1354 708; x_wconf 83' lang='lat' dir='ltr'><em>G.</em></span> <span class='ocrx_word' id='word_1_80' title='bbox 1379 678 1515 707; x_wconf 83' lang='lat' dir='ltr'>XXXV</span> <span class='ocrx_word' id='word_1_81' title='bbox 1538 663 1672 707; x_wconf 59' lang='lat'><em>469212.</em></span> 
     </span>
     <span class='ocr_line' id='line_1_9' title="bbox 110 733 1672 793; baseline 0.001 -18"><span class='ocrx_word' id='word_1_82' title='bbox 110 733 159 775; x_wconf 87' lang='lat' dir='ltr'><em>R.</em></span> <span class='ocrx_word' id='word_1_83' title='bbox 170 734 255 789; x_wconf 90' lang='lat' dir='ltr'><em>W]</em></span> <span class='ocrx_word' id='word_1_84' title='bbox 280 735 324 777; x_wconf 82' lang='grc' dir='ltr'><em>ἐν</em></span> <span class='ocrx_word' id='word_1_85' title='bbox 346 735 502 791; x_wconf 81' lang='grc' dir='ltr'>σποδῷ</span> <span class='ocrx_word' id='word_1_86' title='bbox 527 736 601 778; x_wconf 82' lang='grc' dir='ltr'><em>καὶ</em></span> <span class='ocrx_word' id='word_1_87' title='bbox 625 736 808 781; x_wconf 76' lang='grc' dir='ltr'>σάκκοις</span> <span class='ocrx_word' id='word_1_88' title='bbox 835 737 908 779; x_wconf 84' lang='grc' dir='ltr'><em>καὶ</em></span> <span class='ocrx_word' id='word_1_89' title='bbox 930 737 1036 779; x_wconf 80' lang='grc' dir='ltr'>λίαν</span> <span class='ocrx_word' id='word_1_90' title='bbox 1055 739 1273 782; x_wconf 75' lang='grc' dir='ltr'>ταπεινῶς</span> <span class='ocrx_word' id='word_1_91' title='bbox 1291 737 1407 779; x_wconf 78' lang='grc' dir='ltr'>κατὰ</span> <span class='ocrx_word' id='word_1_92' title='bbox 1424 740 1504 790; x_wconf 64' lang='grc' dir='ltr'><em>’γῆς</em></span> <span class='ocrx_word' id='word_1_93' title='bbox 1527 737 1672 793; x_wconf 80' lang='grc' dir='ltr'>ἐρριμ-</span> 
     </span>
     <span class='ocr_line' id='line_1_10' title="bbox 109 804 1674 863; baseline -0.001 -16"><span class='ocrx_word' id='word_1_94' title='bbox 109 804 276 858; x_wconf 75' lang='grc' dir='ltr'>μένους.</span> <span class='ocrx_word' id='word_1_95' title='bbox 322 805 483 848; x_wconf 83' lang='lat' dir='ltr'><em>Concil.</em></span> <span class='ocrx_word' id='word_1_96' title='bbox 508 806 707 863; x_wconf 70' lang='lat' dir='ltr'><em>Mogunb.</em></span> <span class='ocrx_word' id='word_1_97' title='bbox 731 823 824 849; x_wconf 86' lang='lat' dir='ltr'><em>can.</em></span> <span class='ocrx_word' id='word_1_98' title='bbox 847 810 885 848; x_wconf 90' lang='grc'><em>4.</em></span> <span class='ocrx_word' id='word_1_99' title='bbox 931 807 1109 849; x_wconf 72' lang='lat' dir='ltr'><em>Hel-ald.</em></span> <span class='ocrx_word' id='word_1_100' title='bbox 1132 806 1466 863; x_wconf 79' lang='lat' dir='ltr'><em>Digressionum</em></span> <span class='ocrx_word' id='word_1_101' title='bbox 1489 807 1515 847; x_wconf 87' lang='lat' dir='ltr'><em>l.</em></span> <span class='ocrx_word' id='word_1_102' title='bbox 1539 817 1573 846; x_wconf 87' lang='grc' dir='ltr'><em>ΙΙ</em></span> <span class='ocrx_word' id='word_1_103' title='bbox 1596 821 1628 847; x_wconf 84' lang='lat' dir='ltr'><em>c.</em></span> <span class='ocrx_word' id='word_1_104' title='bbox 1648 807 1674 846; x_wconf 83' lang='lat'><strong>4</strong></span> 
     </span>
     <span class='ocr_line' id='line_1_11' title="bbox 110 875 1741 934; baseline 0 -18"><span class='ocrx_word' id='word_1_105' title='bbox 110 875 183 929; x_wconf 79' lang='lat' dir='ltr'><em>(ad</em></span> <span class='ocrx_word' id='word_1_106' title='bbox 207 876 309 917; x_wconf 84' lang='lat' dir='ltr'><em>calc.</em></span> <span class='ocrx_word' id='word_1_107' title='bbox 330 876 454 933; x_wconf 86' lang='lat' dir='ltr'>Apol.</span> <span class='ocrx_word' id='word_1_108' title='bbox 480 879 562 918; x_wconf 81' lang='lat'><em>275</em></span> <span class='ocrx_word' id='word_1_109' title='bbox 587 879 680 933; x_wconf 49' lang='lat' dir='ltr'><em>sq).</em></span> <span class='ocrx_word' id='word_1_110' title='bbox 739 878 958 934; x_wconf 82' lang='lat' dir='ltr'><em>Bingham</em></span> <span class='ocrx_word' id='word_1_111' title='bbox 983 889 1106 919; x_wconf 86' lang='lat' dir='ltr'>XVIII</span> <span class='ocrx_word' id='word_1_112' title='bbox 1131 880 1155 918; x_wconf 91' lang='grc'>2</span> <span class='ocrx_word' id='word_1_113' title='bbox 1177 876 1253 934; x_wconf 64' lang='grc' dir='ltr'><em>ξ2.</em></span> <span class='ocrx_word' id='word_1_114' title='bbox 1311 877 1458 920; x_wconf 83' lang='lat' dir='ltr'><em>Sidon.</em></span> <span class='ocrx_word' id='word_1_115' title='bbox 1482 892 1546 933; x_wconf 89' lang='lat' dir='ltr'><em>ep.</em></span> <span class='ocrx_word' id='word_1_116' title='bbox 1566 888 1596 917; x_wconf 92' lang='lat' dir='ltr'><strong>V</strong></span> <span class='ocrx_word' id='word_1_117' title='bbox 1621 879 1675 917; x_wconf 83' lang='lat'><em>14</em></span> <span class='ocrx_word' id='word_1_118' title='bbox 1696 894 1741 916; x_wconf 94' lang='lat'><em>10</em></span> 
     </span>
     <span class='ocr_line' id='line_1_12' title="bbox 112 945 1675 1004; baseline 0.001 -18"><span class='ocrx_word' id='word_1_119' title='bbox 112 945 358 987; x_wconf 81' lang='lat' dir='ltr'>Mamercus</span> <span class='ocrx_word' id='word_1_120' title='bbox 390 946 657 988; x_wconf 75' lang='lat' dir='ltr'>established</span> <span class='ocrx_word' id='word_1_121' title='bbox 694 947 932 1004; x_wconf 68' lang='lat' dir='ltr'><em>rogations:</em></span> <span class='ocrx_word' id='word_1_122' title='bbox 974 955 1097 990; x_wconf 85' lang='lat' dir='ltr'><em>erant</em></span> <span class='ocrx_word' id='word_1_123' title='bbox 1135 948 1304 1003; x_wconf 74' lang='lat' dir='ltr'><em>quidem</em></span> <span class='ocrx_word' id='word_1_124' title='bbox 1335 948 1675 1003; x_wconf 82' lang='lat' dir='ltr'><em>prius...oscita-</em></span> 
     </span>
     <span class='ocr_line' id='line_1_13' title="bbox 113 1014 1675 1071; baseline 0.001 -16"><span class='ocrx_word' id='word_1_125' title='bbox 113 1014 278 1057; x_wconf 61' lang='lat' dir='ltr'><em>blandae</em></span> <span class='ocrx_word' id='word_1_126' title='bbox 321 1016 917 1071; x_wconf 46' lang='lat' dir='ltr'><em>supplicationes„..maai&#39;me</em></span> <span class='ocrx_word' id='word_1_127' title='bbox 964 1024 1038 1059; x_wconf 80' lang='lat' dir='ltr'><em>aut</em></span> <span class='ocrx_word' id='word_1_128' title='bbox 1081 1017 1247 1066; x_wconf 78' lang='lat' dir='ltr'><em>imbres,</em></span> <span class='ocrx_word' id='word_1_129' title='bbox 1289 1023 1365 1059; x_wconf 78' lang='lat' dir='ltr'><em>aut</em></span> <span class='ocrx_word' id='word_1_130' title='bbox 1409 1017 1675 1059; x_wconf 74' lang='lat' dir='ltr'><em>serenitatem</em></span> 
     </span>
     <span class='ocr_line' id='line_1_14' title="bbox 115 1085 1677 1143; baseline 0.002 -17"><span class='ocrx_word' id='word_1_131' title='bbox 115 1085 429 1140; x_wconf 73' lang='lat' dir='ltr'><em>deprecaturae.</em></span> <span class='ocrx_word' id='word_1_132' title='bbox 493 1086 697 1143; x_wconf 84' lang='lat' dir='ltr'><em>Cyprian.</em></span> <span class='ocrx_word' id='word_1_133' title='bbox 725 1087 795 1128; x_wconf 85' lang='lat' dir='ltr'><em>Ad</em></span> <span class='ocrx_word' id='word_1_134' title='bbox 828 1087 1097 1129; x_wconf 69' lang='lat' dir='ltr'><em>Demetrian.</em></span> <span class='ocrx_word' id='word_1_135' title='bbox 1132 1089 1186 1129; x_wconf 91' lang='grc'>20</span> <span class='ocrx_word' id='word_1_136' title='bbox 1216 1102 1254 1143; x_wconf 90' lang='lat' dir='ltr'><em>p.</em></span> <span class='ocrx_word' id='word_1_137' title='bbox 1285 1089 1369 1129; x_wconf 78' lang='lat'><em>365</em></span> <span class='ocrx_word' id='word_1_138' title='bbox 1406 1087 1432 1128; x_wconf 91' lang='lat' dir='ltr'><em>l.</em></span> <span class='ocrx_word' id='word_1_139' title='bbox 1467 1089 1521 1129; x_wconf 93' lang='grc'>23</span> <span class='ocrx_word' id='word_1_140' title='bbox 1552 1087 1608 1128; x_wconf 90' lang='grc' dir='ltr'><em>Η.</em></span> <span class='ocrx_word' id='word_1_141' title='bbox 1640 1093 1677 1129; x_wconf 89' lang='lat' dir='ltr'><em>et</em></span> 
     </span>
     <span class='ocr_line' id='line_1_15' title="bbox 113 1156 1679 1212; baseline 0.001 -16"><span class='ocrx_word' id='word_1_142' title='bbox 113 1160 253 1196; x_wconf 80' lang='lat' dir='ltr'><em>tamen</em></span> <span class='ocrx_word' id='word_1_143' title='bbox 291 1171 374 1210; x_wconf 82' lang='lat' dir='ltr'><em>pro</em></span> <span class='ocrx_word' id='word_1_144' title='bbox 417 1156 614 1198; x_wconf 73' lang='lat' dir='ltr'><em>arcendis</em></span> <span class='ocrx_word' id='word_1_145' title='bbox 655 1156 838 1198; x_wconf 73' lang='lat' dir='ltr'><em>hostibus</em></span> <span class='ocrx_word' id='word_1_146' title='bbox 879 1163 917 1198; x_wconf 88' lang='lat' dir='ltr'><em>et</em></span> <span class='ocrx_word' id='word_1_147' title='bbox 954 1157 1160 1198; x_wconf 72' lang='lat' dir='ltr'><em>imbribus</em></span> <span class='ocrx_word' id='word_1_148' title='bbox 1203 1157 1490 1212; x_wconf 75' lang='lat' dir='ltr'><em>impetrandis</em></span> <span class='ocrx_word' id='word_1_149' title='bbox 1532 1163 1570 1198; x_wconf 87' lang='lat' dir='ltr'><em>et</em></span> <span class='ocrx_word' id='word_1_150' title='bbox 1610 1157 1679 1199; x_wconf 74' lang='lat' dir='ltr'><em>uel</em></span> 
     </span>
     <span class='ocr_line' id='line_1_16' title="bbox 116 1225 1744 1283; baseline 0.003 -18"><span class='ocrx_word' id='word_1_151' title='bbox 116 1225 365 1281; x_wconf 70' lang='lat' dir='ltr'><em>auferendis</em></span> <span class='ocrx_word' id='word_1_152' title='bbox 390 1227 459 1268; x_wconf 74' lang='lat' dir='ltr'><em>uel</em></span> <span class='ocrx_word' id='word_1_153' title='bbox 489 1228 780 1282; x_wconf 72' lang='lat' dir='ltr'><em>temperandis</em></span> <span class='ocrx_word' id='word_1_154' title='bbox 808 1227 1007 1270; x_wconf 73' lang='lat' dir='ltr'><em>aduersis</em></span> <span class='ocrx_word' id='word_1_155' title='bbox 1038 1242 1243 1282; x_wconf 72' lang='lat' dir='ltr'><em>royanias</em></span> <span class='ocrx_word' id='word_1_156' title='bbox 1273 1243 1438 1282; x_wconf 81' lang='lat' dir='ltr'><em>semper</em></span> <span class='ocrx_word' id='word_1_157' title='bbox 1471 1233 1508 1269; x_wconf 90' lang='lat' dir='ltr'><em>et</em></span> <span class='ocrx_word' id='word_1_158' title='bbox 1533 1242 1679 1283; x_wconf 77' lang='lat' dir='ltr'><em>preces</em></span> <span class='ocrx_word' id='word_1_159' title='bbox 1700 1247 1744 1279; x_wconf 83' lang='lat'><em>15</em></span> 
     </span>
     <span class='ocr_line' id='line_1_17' title="bbox 106 1295 1680 1353; baseline 0.002 -17"><span class='ocrx_word' id='word_1_160' title='bbox 106 1295 351 1352; x_wconf 76' lang='lat' dir='ltr'><em>fundimus.</em></span> <span class='ocrx_word' id='word_1_161' title='bbox 417 1297 575 1339; x_wconf 81' lang='lat' dir='ltr'><em>Euseb.</em></span> <span class='ocrx_word' id='word_1_162' title='bbox 598 1298 716 1339; x_wconf 74' lang='lat' dir='ltr'><em>Hist.</em></span> <span class='ocrx_word' id='word_1_163' title='bbox 739 1298 850 1339; x_wconf 84' lang='lat' dir='ltr'><em>Eccl.</em></span> <span class='ocrx_word' id='word_1_164' title='bbox 874 1309 903 1338; x_wconf 88' lang='lat' dir='ltr'>V</span> <span class='ocrx_word' id='word_1_165' title='bbox 927 1314 960 1339; x_wconf 84' lang='lat' dir='ltr'><em>c.</em></span> <span class='ocrx_word' id='word_1_166' title='bbox 984 1300 1038 1339; x_wconf 83' lang='lat'><em>28</em></span> <span class='ocrx_word' id='word_1_167' title='bbox 1064 1296 1084 1353; x_wconf 60' lang='grc' dir='ltr'>ξ</span> <span class='ocrx_word' id='word_1_168' title='bbox 1107 1300 1160 1338; x_wconf 87' lang='grc'><em>12</em></span> <span class='ocrx_word' id='word_1_169' title='bbox 1184 1297 1479 1351; x_wconf 70' lang='grc' dir='ltr'><em>ἐνδυσάμενοι)</em></span> <span class='ocrx_word' id='word_1_170' title='bbox 1510 1300 1680 1339; x_wconf 80' lang='grc' dir='ltr'>σάκκον</span> 
     </span>
     <span class='ocr_line' id='line_1_18' title="bbox 120 1366 819 1423; baseline 0.006 -16"><span class='ocrx_word' id='word_1_171' title='bbox 120 1366 194 1408; x_wconf 85' lang='grc' dir='ltr'><em>καὶ</em></span> <span class='ocrx_word' id='word_1_172' title='bbox 224 1366 393 1409; x_wconf 81' lang='grc' dir='ltr'>σποδὸν</span> <span class='ocrx_word' id='word_1_173' title='bbox 423 1368 819 1423; x_wconf 72' lang='grc' dir='ltr'>καταπασάμενον.</span> 
     </span>
    </p>

    <p class='ocr_par' dir='ltr' id='par_1_4' title="bbox 120 1438 1752 2263">
     <span class='ocr_line' id='line_1_19' title="bbox 208 1438 1682 1496; baseline 0.002 -18"><span class='ocrx_word' id='word_1_174' title='bbox 208 1448 396 1479; x_wconf 83' lang='lat' dir='ltr'>INVIDIA</span> <span class='ocrx_word' id='word_1_175' title='bbox 434 1439 501 1481; x_wconf 88' lang='lat' dir='ltr'><em>De</em></span> <span class='ocrx_word' id='word_1_176' title='bbox 539 1440 678 1482; x_wconf 84' lang='lat' dir='ltr'><em>Ieiun.</em></span> <span class='ocrx_word' id='word_1_177' title='bbox 719 1442 772 1482; x_wconf 84' lang='lat'><em>16</em></span> <span class='ocrx_word' id='word_1_178' title='bbox 805 1455 843 1496; x_wconf 89' lang='lat' dir='ltr'><em>p.</em></span> <span class='ocrx_word' id='word_1_179' title='bbox 879 1441 961 1481; x_wconf 81' lang='grc'>295</span> <span class='ocrx_word' id='word_1_180' title='bbox 996 1440 1022 1480; x_wconf 89' lang='lat' dir='ltr'><em>l.</em></span> <span class='ocrx_word' id='word_1_181' title='bbox 1056 1441 1108 1480; x_wconf 82' lang='grc'>25</span> <span class='ocrx_word' id='word_1_182' title='bbox 1150 1438 1275 1480; x_wconf 79' lang='lat' dir='ltr'><em>Wiss.</em></span> <span class='ocrx_word' id='word_1_183' title='bbox 1313 1439 1432 1494; x_wconf 78' lang='lat' dir='ltr'><em>apud</em></span> <span class='ocrx_word' id='word_1_184' title='bbox 1465 1439 1682 1494; x_wconf 73' lang='lat' dir='ltr'><em>quasdam</em></span> 
     </span>
     <span class='ocr_line' id='line_1_20' title="bbox 120 1510 1682 1566; baseline 0.001 -17"><span class='ocrx_word' id='word_1_185' title='bbox 120 1524 221 1550; x_wconf 84' lang='lat' dir='ltr'><em>uero</em></span> <span class='ocrx_word' id='word_1_186' title='bbox 258 1510 446 1552; x_wconf 82' lang='lat' dir='ltr'><em>colonias</em></span> <span class='ocrx_word' id='word_1_187' title='bbox 481 1517 710 1566; x_wconf 85' lang='lat' dir='ltr'><em>praeterea</em></span> <span class='ocrx_word' id='word_1_188' title='bbox 747 1527 889 1553; x_wconf 78' lang='lat' dir='ltr'><em>annuo</em></span> <span class='ocrx_word' id='word_1_189' title='bbox 927 1512 1017 1552; x_wconf 76' lang='lat' dir='ltr'><em>rita</em></span> <span class='ocrx_word' id='word_1_190' title='bbox 1051 1511 1179 1564; x_wconf 76' lang='lat' dir='ltr'><em>(then</em></span> <span class='ocrx_word' id='word_1_191' title='bbox 1215 1525 1262 1551; x_wconf 81' lang='lat' dir='ltr'><em>as</em></span> <span class='ocrx_word' id='word_1_192' title='bbox 1303 1510 1419 1551; x_wconf 70' lang='lat' dir='ltr'><em>cited</em></span> <span class='ocrx_word' id='word_1_193' title='bbox 1457 1525 1511 1551; x_wconf 90' lang='lat' dir='ltr'><em>on</em></span> <span class='ocrx_word' id='word_1_194' title='bbox 1550 1511 1575 1551; x_wconf 89' lang='grc'><em>1.</em></span> <span class='ocrx_word' id='word_1_195' title='bbox 1607 1512 1682 1565; x_wconf 87' lang='grc'>32)</span> 
     </span>
     <span class='ocr_line' id='line_1_21' title="bbox 121 1578 1749 1636; baseline 0.002 -17"><span class='ocrx_word' id='word_1_196' title='bbox 121 1578 172 1619; x_wconf 85' lang='lat' dir='ltr'><em>cf.</em></span> <span class='ocrx_word' id='word_1_197' title='bbox 206 1578 368 1621; x_wconf 83' lang='lat' dir='ltr'><em>Oehler</em></span> <span class='ocrx_word' id='word_1_198' title='bbox 403 1580 531 1630; x_wconf 84' lang='lat' dir='ltr'><em>(from</em></span> <span class='ocrx_word' id='word_1_199' title='bbox 565 1580 628 1622; x_wconf 88' lang='lat' dir='ltr'><em>La</em></span> <span class='ocrx_word' id='word_1_200' title='bbox 661 1580 831 1635; x_wconf 85' lang='lat' dir='ltr'><em>Cerda).</em></span> <span class='ocrx_word' id='word_1_201' title='bbox 895 1580 962 1622; x_wconf 87' lang='lat' dir='ltr'><em>De</em></span> <span class='ocrx_word' id='word_1_202' title='bbox 1001 1580 1123 1623; x_wconf 68' lang='lat' dir='ltr'><em>Orat.</em></span> <span class='ocrx_word' id='word_1_203' title='bbox 1157 1582 1180 1621; x_wconf 88' lang='lat'>5</span> <span class='ocrx_word' id='word_1_204' title='bbox 1216 1595 1257 1636; x_wconf 89' lang='lat' dir='ltr'><em>p.</em></span> <span class='ocrx_word' id='word_1_205' title='bbox 1293 1582 1377 1621; x_wconf 90' lang='grc'><em>184</em></span> <span class='ocrx_word' id='word_1_206' title='bbox 1408 1580 1432 1621; x_wconf 86' lang='lat' dir='ltr'><em>l.</em></span> <span class='ocrx_word' id='word_1_207' title='bbox 1468 1582 1521 1620; x_wconf 88' lang='grc'>12</span> <span class='ocrx_word' id='word_1_208' title='bbox 1557 1580 1683 1622; x_wconf 82' lang='lat' dir='ltr'><em>Wiss.</em></span> <span class='ocrx_word' id='word_1_209' title='bbox 1703 1600 1749 1622; x_wconf 89' lang='lat'><em>20</em></span> 
     </span>
     <span class='ocr_line' id='line_1_22' title="bbox 123 1648 1684 1705; baseline 0.001 -16"><span class='ocrx_word' id='word_1_210' title='bbox 123 1648 313 1691; x_wconf 77' lang='lat' dir='ltr'><em>clamant</em></span> <span class='ocrx_word' id='word_1_211' title='bbox 335 1650 393 1691; x_wconf 88' lang='lat' dir='ltr'><em>ad</em></span> <span class='ocrx_word' id='word_1_212' title='bbox 415 1650 637 1692; x_wconf 78' lang='lat' dir='ltr'><em>dominam</em></span> <span class='ocrx_word' id='word_1_213' title='bbox 657 1651 831 1692; x_wconf 79' lang='lat' dir='ltr'><em>inuidia</em></span> <span class='ocrx_word' id='word_1_214' title='bbox 853 1652 1026 1693; x_wconf 79' lang='lat' dir='ltr'><em>animae</em></span> <span class='ocrx_word' id='word_1_215' title='bbox 1047 1656 1293 1705; x_wconf 73' lang='lat' dir='ltr'><em>martyrum</em></span> <span class='ocrx_word' id='word_1_216' title='bbox 1315 1650 1390 1691; x_wconf 80' lang='lat' dir='ltr'><em>sub</em></span> <span class='ocrx_word' id='word_1_217' title='bbox 1409 1651 1553 1691; x_wconf 81' lang='lat' dir='ltr'><em>altari.</em></span> <span class='ocrx_word' id='word_1_218' title='bbox 1618 1650 1684 1691; x_wconf 83' lang='lat' dir='ltr'><em>De</em></span> 
     </span>
     <span class='ocr_line' id='line_1_23' title="bbox 124 1718 1685 1776; baseline 0.001 -16"><span class='ocrx_word' id='word_1_219' title='bbox 124 1719 234 1775; x_wconf 86' lang='lat' dir='ltr'><em>Fug.</em></span> <span class='ocrx_word' id='word_1_220' title='bbox 248 1718 292 1760; x_wconf 83' lang='lat' dir='ltr'><em>in</em></span> <span class='ocrx_word' id='word_1_221' title='bbox 309 1719 472 1762; x_wconf 80' lang='lat' dir='ltr'><em>Perseo.</em></span> <span class='ocrx_word' id='word_1_222' title='bbox 490 1723 544 1762; x_wconf 93' lang='lat'><em>10</em></span> <span class='ocrx_word' id='word_1_223' title='bbox 559 1721 585 1762; x_wconf 90' lang='lat' dir='ltr'><em>f.</em></span> <span class='ocrx_word' id='word_1_224' title='bbox 599 1721 638 1762; x_wconf 89' lang='lat' dir='ltr'><em>si</em></span> <span class='ocrx_word' id='word_1_225' title='bbox 647 1720 795 1776; x_wconf 89' lang='lat' dir='ltr'><em>perire</em></span> <span class='ocrx_word' id='word_1_226' title='bbox 810 1736 874 1762; x_wconf 76' lang='lat' dir='ltr'><em>nze</em></span> <span class='ocrx_word' id='word_1_227' title='bbox 896 1721 1018 1770; x_wconf 75' lang='lat' dir='ltr'><em>uolet,</em></span> <span class='ocrx_word' id='word_1_228' title='bbox 1035 1721 1125 1775; x_wconf 79' lang='lat' dir='ltr'><em>ipse</em></span> <span class='ocrx_word' id='word_1_229' title='bbox 1142 1736 1208 1762; x_wconf 74' lang='lat' dir='ltr'><em>nie</em></span> <span class='ocrx_word' id='word_1_230' title='bbox 1223 1720 1393 1775; x_wconf 82' lang='lat' dir='ltr'><em>perdat,</em></span> <span class='ocrx_word' id='word_1_231' title='bbox 1411 1720 1513 1761; x_wconf 69' lang='lat' dir='ltr'><em>dani</em></span> <span class='ocrx_word' id='word_1_232' title='bbox 1532 1736 1596 1762; x_wconf 75' lang='lat' dir='ltr'><em>nze</em></span> <span class='ocrx_word' id='word_1_233' title='bbox 1612 1736 1685 1775; x_wconf 77' lang='lat'><em>690</em></span> 
     </span>
     <span class='ocr_line' id='line_1_24' title="bbox 124 1790 1687 1847; baseline 0.001 -17"><span class='ocrx_word' id='word_1_234' title='bbox 124 1804 246 1831; x_wconf 85' lang='lat' dir='ltr'><em>seruo</em></span> <span class='ocrx_word' id='word_1_235' title='bbox 260 1790 343 1831; x_wconf 82' lang='lat' dir='ltr'><em>illi.</em></span> <span class='ocrx_word' id='word_1_236' title='bbox 377 1791 492 1833; x_wconf 83' lang='lat' dir='ltr'><em>malo</em></span> <span class='ocrx_word' id='word_1_237' title='bbox 507 1791 724 1833; x_wconf 75' lang='lat' dir='ltr'><em>inuidiam</em></span> <span class='ocrx_word' id='word_1_238' title='bbox 739 1792 778 1833; x_wconf 90' lang='lat' dir='ltr'><em>ei</em></span> <span class='ocrx_word' id='word_1_239' title='bbox 780 1791 931 1847; x_wconf 86' lang='lat' dir='ltr'><em>facere</em></span> <span class='ocrx_word' id='word_1_240' title='bbox 938 1806 1022 1846; x_wconf 87' lang='lat' dir='ltr'><em>per</em></span> <span class='ocrx_word' id='word_1_241' title='bbox 1035 1791 1296 1832; x_wconf 71' lang='lat' dir='ltr'><em>uoluntatem</em></span> <span class='ocrx_word' id='word_1_242' title='bbox 1311 1790 1687 1845; x_wconf 79' lang='lat' dir='ltr'><em>ipsiuspereando,</em></span> 
     </span>
     <span class='ocr_line' id='line_1_25' title="bbox 127 1860 1688 1916; baseline 0.001 -16"><span class='ocrx_word' id='word_1_243' title='bbox 127 1874 256 1914; x_wconf 78' lang='lat' dir='ltr'><em>quani</em></span> <span class='ocrx_word' id='word_1_244' title='bbox 281 1860 405 1902; x_wconf 82' lang='lat' dir='ltr'><em>bilem</em></span> <span class='ocrx_word' id='word_1_245' title='bbox 427 1876 510 1916; x_wconf 88' lang='lat' dir='ltr'><em>per</em></span> <span class='ocrx_word' id='word_1_246' title='bbox 534 1875 669 1902; x_wconf 81' lang='lat' dir='ltr'><em>nieani</em></span> <span class='ocrx_word' id='word_1_247' title='bbox 691 1861 920 1903; x_wconf 82' lang='lat' dir='ltr'><em>eaadendo.</em></span> <span class='ocrx_word' id='word_1_248' title='bbox 985 1860 1099 1902; x_wconf 62' lang='lat' dir='ltr'><em>Siai.</em></span> <span class='ocrx_word' id='word_1_249' title='bbox 1123 1860 1232 1902; x_wconf 83' lang='lat' dir='ltr'><em>Silu.</em></span> <span class='ocrx_word' id='word_1_250' title='bbox 1254 1872 1284 1900; x_wconf 92' lang='lat' dir='ltr'><strong>V</strong></span> <span class='ocrx_word' id='word_1_251' title='bbox 1309 1863 1333 1901; x_wconf 88' lang='lat'>5</span> <span class='ocrx_word' id='word_1_252' title='bbox 1359 1860 1530 1901; x_wconf 61' lang='lat'>77—78</span> <span class='ocrx_word' id='word_1_253' title='bbox 1555 1875 1688 1902; x_wconf 78' lang='lat' dir='ltr'><em>nonne</em></span> 
     </span>
     <span class='ocr_line' id='line_1_26' title="bbox 127 1929 1752 1986; baseline 0.002 -16"><span class='ocrx_word' id='word_1_254' title='bbox 127 1929 331 1971; x_wconf 77' lang='lat' dir='ltr'><em>horridus</em></span> <span class='ocrx_word' id='word_1_255' title='bbox 374 1931 490 1985; x_wconf 88' lang='lat' dir='ltr'><em>ipsos</em></span> <span class='ocrx_word' id='word_1_256' title='bbox 540 1931 715 1972; x_wconf 79' lang='lat' dir='ltr'><em>inuidia</em></span> <span class='ocrx_word' id='word_1_257' title='bbox 755 1946 930 1986; x_wconf 75' lang='lat' dir='ltr'><em>superos</em></span> <span class='ocrx_word' id='word_1_258' title='bbox 973 1931 1215 1986; x_wconf 76' lang='lat' dir='ltr'><em>iniustaque</em></span> <span class='ocrx_word' id='word_1_259' title='bbox 1264 1930 1455 1972; x_wconf 82' lang='lat' dir='ltr'><em>Tartara</em></span> <span class='ocrx_word' id='word_1_260' title='bbox 1492 1931 1686 1985; x_wconf 74' lang='lat' dir='ltr'><em>pulsem?</em></span> <span class='ocrx_word' id='word_1_261' title='bbox 1707 1951 1752 1983; x_wconf 86' lang='lat'><em>25</em></span> 
     </span>
     <span class='ocr_line' id='line_1_27' title="bbox 130 1999 1689 2057; baseline 0.001 -16"><span class='ocrx_word' id='word_1_262' title='bbox 130 1999 449 2057; x_wconf 82' lang='lat' dir='ltr'><em>Pseudo-Cypr.</em></span> <span class='ocrx_word' id='word_1_263' title='bbox 480 2000 651 2043; x_wconf 85' lang='lat' dir='ltr'><em>Sodom.</em></span> <span class='ocrx_word' id='word_1_264' title='bbox 677 2004 819 2042; x_wconf 86' lang='grc'>21-2</span> <span class='ocrx_word' id='word_1_265' title='bbox 847 2002 1079 2057; x_wconf 75' lang='lat' dir='ltr'><em>pulsabant</em></span> <span class='ocrx_word' id='word_1_266' title='bbox 1111 2001 1275 2043; x_wconf 75' lang='lat' dir='ltr'><em>caeluni</em></span> <span class='ocrx_word' id='word_1_267' title='bbox 1304 2000 1488 2049; x_wconf 70' lang='lat' dir='ltr'><em>inuidia,</em></span> <span class='ocrx_word' id='word_1_268' title='bbox 1513 2000 1689 2042; x_wconf 79' lang='lat' dir='ltr'><em>conubia</em></span> 
     </span>
     <span class='ocr_line' id='line_1_28' title="bbox 130 2069 1691 2126; baseline 0 -15"><span class='ocrx_word' id='word_1_269' title='bbox 130 2071 266 2112; x_wconf 72' lang='lat' dir='ltr'><em>niioeta</em></span> <span class='ocrx_word' id='word_1_270' title='bbox 283 2071 442 2113; x_wconf 78' lang='lat' dir='ltr'><em>incesta</em></span> <span class='ocrx_word' id='word_1_271' title='bbox 458 2072 611 2126; x_wconf 81' lang='lat' dir='ltr'><em>parili.</em></span> <span class='ocrx_word' id='word_1_272' title='bbox 662 2071 759 2113; x_wconf 88' lang='lat' dir='ltr'><em>qu.</em></span> <span class='ocrx_word' id='word_1_273' title='bbox 778 2074 830 2113; x_wconf 87' lang='lat'><em>15</em></span> <span class='ocrx_word' id='word_1_274' title='bbox 848 2074 931 2113; x_wconf 88' lang='grc'>123</span> <span class='ocrx_word' id='word_1_275' title='bbox 947 2087 987 2112; x_wconf 91' lang='lat' dir='ltr'><em>n.</em></span> <span class='ocrx_word' id='word_1_276' title='bbox 1050 2070 1270 2112; x_wconf 81' lang='lat' dir='ltr'><em>Heraldus</em></span> <span class='ocrx_word' id='word_1_277' title='bbox 1292 2070 1399 2112; x_wconf 69' lang='lat' dir='ltr'><em>cites</em></span> <span class='ocrx_word' id='word_1_278' title='bbox 1423 2069 1691 2122; x_wconf 80' lang='grc' dir='ltr'>δυσωπῆσαι</span> 
     </span>
     <span class='ocr_line' id='line_1_29' title="bbox 133 2139 1690 2196; baseline 0 -16"><span class='ocrx_word' id='word_1_279' title='bbox 133 2139 231 2181; x_wconf 81' lang='grc' dir='ltr'>θεόν</span> <span class='ocrx_word' id='word_1_280' title='bbox 254 2140 361 2181; x_wconf 88' lang='lat' dir='ltr'><em>from</em></span> <span class='ocrx_word' id='word_1_281' title='bbox 384 2140 554 2196; x_wconf 84' lang='lat' dir='ltr'><em>Ioseph.</em></span> <span class='ocrx_word' id='word_1_282' title='bbox 579 2142 631 2182; x_wconf 84' lang='lat' dir='ltr'><em>A.</em></span> <span class='ocrx_word' id='word_1_283' title='bbox 648 2141 691 2182; x_wconf 90' lang='lat' dir='ltr'><em>J.</em></span> <span class='ocrx_word' id='word_1_284' title='bbox 715 2153 784 2181; x_wconf 85' lang='lat' dir='ltr'><em>XII</em></span> <span class='ocrx_word' id='word_1_285' title='bbox 809 2146 834 2181; x_wconf 73' lang='lat'><strong>4</strong></span> <span class='ocrx_word' id='word_1_286' title='bbox 857 2141 927 2191; x_wconf 86' lang='lat' dir='ltr'><em>(cf.</em></span> <span class='ocrx_word' id='word_1_287' title='bbox 951 2141 1079 2196; x_wconf 82' lang='lat' dir='ltr'><em>Greg.</em></span> <span class='ocrx_word' id='word_1_288' title='bbox 1097 2139 1234 2193; x_wconf 86' lang='lat' dir='ltr'><em>Naz.).</em></span> <span class='ocrx_word' id='word_1_289' title='bbox 1283 2139 1499 2180; x_wconf 66' lang='lat' dir='ltr'><em>inuidiam</em></span> <span class='ocrx_word' id='word_1_290' title='bbox 1516 2139 1690 2195; x_wconf 85' lang='lat' dir='ltr'><em>facere:</em></span> 
     </span>
     <span class='ocr_line' id='line_1_30' title="bbox 133 2208 1691 2263; baseline -0.001 -13"><span class='ocrx_word' id='word_1_291' title='bbox 133 2209 295 2251; x_wconf 86' lang='lat' dir='ltr'><em>Oehler</em></span> <span class='ocrx_word' id='word_1_292' title='bbox 325 2224 380 2250; x_wconf 88' lang='lat' dir='ltr'><em>on</em></span> <span class='ocrx_word' id='word_1_293' title='bbox 412 2210 527 2251; x_wconf 71' lang='lat' dir='ltr'><em>Tert.</em></span> <span class='ocrx_word' id='word_1_294' title='bbox 551 2209 619 2251; x_wconf 88' lang='lat' dir='ltr'><em>De</em></span> <span class='ocrx_word' id='word_1_295' title='bbox 642 2210 763 2252; x_wconf 69' lang='lat' dir='ltr'><em>Orat.</em></span> <span class='ocrx_word' id='word_1_296' title='bbox 786 2213 810 2252; x_wconf 89' lang='lat'>5</span> <span class='ocrx_word' id='word_1_297' title='bbox 834 2210 969 2263; x_wconf 73' lang='lat' dir='ltr'><em>(cited</em></span> <span class='ocrx_word' id='word_1_298' title='bbox 993 2210 1160 2262; x_wconf 84' lang='lat' dir='ltr'><em>above).</em></span> <span class='ocrx_word' id='word_1_299' title='bbox 1222 2209 1337 2250; x_wconf 86' lang='lat' dir='ltr'><em>Adu.</em></span> <span class='ocrx_word' id='word_1_300' title='bbox 1359 2208 1488 2250; x_wconf 79' lang='lat' dir='ltr'><em>Marc.</em></span> <span class='ocrx_word' id='word_1_301' title='bbox 1513 2220 1547 2249; x_wconf 89' lang='lat' dir='ltr'><em>II</em></span> <span class='ocrx_word' id='word_1_302' title='bbox 1572 2210 1596 2250; x_wconf 87' lang='lat'>9</span> <span class='ocrx_word' id='word_1_303' title='bbox 1620 2208 1691 2250; x_wconf 89' lang='lat' dir='ltr'><em>fin.</em></span> 
     </span>
    </p>
   </div>
   <div class='ocr_carea' id='block_1_3' title="bbox 135 2278 1756 2406">
    <p class='ocr_par' dir='ltr' id='par_1_5' title="bbox 135 2278 1756 2406">
     <span class='ocr_line' id='line_1_31' title="bbox 135 2278 1756 2336; baseline -0.001 -16"><span class='ocrx_word' id='word_1_304' title='bbox 135 2279 313 2321; x_wconf 86' lang='lat' dir='ltr'><em>Herald.</em></span> <span class='ocrx_word' id='word_1_305' title='bbox 351 2294 406 2320; x_wconf 88' lang='lat' dir='ltr'><em>on</em></span> <span class='ocrx_word' id='word_1_306' title='bbox 449 2280 610 2322; x_wconf 86' lang='lat' dir='ltr'><em>Arnob.</em></span> <span class='ocrx_word' id='word_1_307' title='bbox 651 2292 699 2321; x_wconf 89' lang='lat' dir='ltr'><em>IV</em></span> <span class='ocrx_word' id='word_1_308' title='bbox 738 2296 779 2336; x_wconf 91' lang='lat' dir='ltr'><em>p.</em></span> <span class='ocrx_word' id='word_1_309' title='bbox 812 2283 909 2322; x_wconf 82' lang='lat'><em>180.</em></span> <span class='ocrx_word' id='word_1_310' title='bbox 983 2279 1188 2336; x_wconf 82' lang='lat' dir='ltr'><em>[Mayor&#39;s</em></span> <span class='ocrx_word' id='word_1_311' title='bbox 1225 2294 1319 2320; x_wconf 86' lang='lat' dir='ltr'><em>own</em></span> <span class='ocrx_word' id='word_1_312' title='bbox 1352 2285 1455 2320; x_wconf 72' lang='lat' dir='ltr'><em>note</em></span> <span class='ocrx_word' id='word_1_313' title='bbox 1492 2294 1547 2320; x_wconf 89' lang='lat' dir='ltr'><em>on</em></span> <span class='ocrx_word' id='word_1_314' title='bbox 1584 2278 1756 2334; x_wconf 82' lang='lat' dir='ltr'><em>Pli11.30</em></span> 
     </span>
     <span class='ocr_line' id='line_1_32' title="bbox 135 2348 713 2406; baseline 0 -15"><span class='ocrx_word' id='word_1_315' title='bbox 135 2349 262 2405; x_wconf 68' lang='lat' dir='ltr'><em>epist.</em></span> <span class='ocrx_word' id='word_1_316' title='bbox 294 2361 347 2390; x_wconf 91' lang='lat' dir='ltr'><em>III</em></span> <span class='ocrx_word' id='word_1_317' title='bbox 381 2351 408 2390; x_wconf 90' lang='grc'>4</span> <span class='ocrx_word' id='word_1_318' title='bbox 439 2348 517 2406; x_wconf 61' lang='grc' dir='ltr'><em>ξ7.</em></span> <span class='ocrx_word' id='word_1_319' title='bbox 581 2349 633 2391; x_wconf 89' lang='lat' dir='ltr'><em>A.</em></span> <span class='ocrx_word' id='word_1_320' title='bbox 649 2349 713 2404; x_wconf 85' lang='lat' dir='ltr'><em>S.·]</em></span> 
     </span>
    </p>
   </div>
   <div class='ocr_carea' id='block_1_4' title="bbox 224 2420 1032 2476">
    <p class='ocr_par' dir='ltr' id='par_1_6' title="bbox 224 2420 1032 2476">
     <span class='ocr_line' id='line_1_33' title="bbox 224 2420 1032 2476; baseline -0.002 -14"><span class='ocrx_word' id='word_1_321' title='bbox 224 2435 262 2476; x_wconf 90' lang='lat' dir='ltr'><em>p.</em></span> <span class='ocrx_word' id='word_1_322' title='bbox 289 2422 372 2462; x_wconf 82' lang='grc'>120</span> <span class='ocrx_word' id='word_1_323' title='bbox 394 2420 420 2461; x_wconf 91' lang='lat' dir='ltr'><em>l.</em></span> <span class='ocrx_word' id='word_1_324' title='bbox 444 2423 465 2461; x_wconf 91' lang='lat' dir='ltr'>I</span> <span class='ocrx_word' id='word_1_325' title='bbox 491 2431 846 2462; x_wconf 78' lang='lat' dir='ltr'>EXTORSERIMVS</span> <span class='ocrx_word' id='word_1_326' title='bbox 868 2435 1032 2475; x_wconf 85' lang='lat' dir='ltr'><em>wrung.</em></span> 
     </span>
    </p>
   </div>
   <div class='ocr_carea' id='block_1_5' title="bbox 796 2591 1040 2634">
    <p class='ocr_par' dir='ltr' id='par_1_7' title="bbox 796 2591 1040 2634">
     <span class='ocr_line' id='line_1_34' title="bbox 796 2591 1040 2634; baseline -0.008 0"><span class='ocrx_word' id='word_1_327' title='bbox 796 2591 902 2634; x_wconf 83' lang='lat' dir='ltr'><em>CAP.</em></span> <span class='ocrx_word' id='word_1_328' title='bbox 935 2591 1040 2632; x_wconf 89' lang='lat' dir='ltr'><em>XLI</em></span> 
     </span>
    </p>
   </div>
   <div class='ocr_carea' id='block_1_6' title="bbox 142 2692 1761 2889">
    <p class='ocr_par' dir='ltr' id='par_1_8' title="bbox 142 2692 1761 2889">
     <span class='ocr_line' id='line_1_35' title="bbox 229 2692 1698 2754; baseline -0.004 -14"><span class='ocrx_word' id='word_1_329' title='bbox 229 2713 268 2754; x_wconf 88' lang='lat' dir='ltr'><em>p.</em></span> <span class='ocrx_word' id='word_1_330' title='bbox 303 2700 387 2740; x_wconf 89' lang='grc'>120</span> <span class='ocrx_word' id='word_1_331' title='bbox 419 2698 442 2738; x_wconf 92' lang='lat' dir='ltr'><em>l.</em></span> <span class='ocrx_word' id='word_1_332' title='bbox 477 2699 503 2738; x_wconf 89' lang='grc'>3</span> <span class='ocrx_word' id='word_1_333' title='bbox 536 2707 622 2737; x_wconf 83' lang='lat' dir='ltr'><em>VOS</em></span> <span class='ocrx_word' id='word_1_334' title='bbox 652 2695 854 2751; x_wconf 82' lang='lat' dir='ltr'><em>Cyprian.</em></span> <span class='ocrx_word' id='word_1_335' title='bbox 878 2695 947 2736; x_wconf 92' lang='lat' dir='ltr'><em>Ad</em></span> <span class='ocrx_word' id='word_1_336' title='bbox 978 2693 1245 2735; x_wconf 72' lang='lat' dir='ltr'><em>Demetrian.</em></span> <span class='ocrx_word' id='word_1_337' title='bbox 1270 2695 1294 2733; x_wconf 93' lang='lat'>5</span> <span class='ocrx_word' id='word_1_338' title='bbox 1324 2707 1408 2734; x_wconf 89' lang='lat' dir='ltr'><em>non</em></span> <span class='ocrx_word' id='word_1_339' title='bbox 1436 2692 1559 2741; x_wconf 79' lang='lat' dir='ltr'><em>enim,</em></span> <span class='ocrx_word' id='word_1_340' title='bbox 1590 2693 1698 2734; x_wconf 76' lang='lat' dir='ltr'><em>sicut</em></span> 
     </span>
     <span class='ocr_line' id='line_1_36' title="bbox 142 2762 1698 2823; baseline -0.004 -14"><span class='ocrx_word' id='word_1_341' title='bbox 142 2773 218 2810; x_wconf 81' lang='lat' dir='ltr'><em>tua</em></span> <span class='ocrx_word' id='word_1_342' title='bbox 249 2766 379 2823; x_wconf 81' lang='lat' dir='ltr'><em>falsa</em></span> <span class='ocrx_word' id='word_1_343' title='bbox 419 2765 686 2822; x_wconf 80' lang='lat' dir='ltr'><em>querimonia</em></span> <span class='ocrx_word' id='word_1_344' title='bbox 728 2772 767 2806; x_wconf 86' lang='lat' dir='ltr'><em>et</em></span> <span class='ocrx_word' id='word_1_345' title='bbox 807 2764 1017 2820; x_wconf 85' lang='lat' dir='ltr'><em>inperitia</em></span> <span class='ocrx_word' id='word_1_346' title='bbox 1057 2762 1256 2804; x_wconf 81' lang='lat' dir='ltr'><em>ueritatis</em></span> <span class='ocrx_word' id='word_1_347' title='bbox 1296 2762 1456 2816; x_wconf 67' lang='lat' dir='ltr'><em>iynara</em></span> <span class='ocrx_word' id='word_1_348' title='bbox 1492 2762 1626 2803; x_wconf 87' lang='lat' dir='ltr'><em>iactat</em></span> <span class='ocrx_word' id='word_1_349' title='bbox 1661 2768 1698 2803; x_wconf 91' lang='lat' dir='ltr'><em>et</em></span> 
     </span>
     <span class='ocr_line' id='line_1_37' title="bbox 144 2830 1761 2889; baseline -0.004 -11"><span class='ocrx_word' id='word_1_350' title='bbox 144 2837 351 2886; x_wconf 80' lang='lat' dir='ltr'><em>clamitat,</em></span> <span class='ocrx_word' id='word_1_351' title='bbox 373 2837 458 2878; x_wconf 88' lang='lat' dir='ltr'><em>ista</em></span> <span class='ocrx_word' id='word_1_352' title='bbox 490 2835 700 2884; x_wconf 79' lang='lat' dir='ltr'><em>accidunt,</em></span> <span class='ocrx_word' id='word_1_353' title='bbox 723 2833 833 2889; x_wconf 79' lang='lat' dir='ltr'><em>quod</em></span> <span class='ocrx_word' id='word_1_354' title='bbox 864 2833 912 2874; x_wconf 87' lang='lat' dir='ltr'><em>di</em></span> <span class='ocrx_word' id='word_1_355' title='bbox 941 2833 1075 2874; x_wconf 76' lang='lat' dir='ltr'><em>uestri</em></span> <span class='ocrx_word' id='word_1_356' title='bbox 1104 2847 1128 2873; x_wconf 89' lang='lat' dir='ltr'><em>a</em></span> <span class='ocrx_word' id='word_1_357' title='bbox 1159 2831 1276 2873; x_wconf 87' lang='lat' dir='ltr'><em>nobis</em></span> <span class='ocrx_word' id='word_1_358' title='bbox 1297 2846 1376 2873; x_wconf 86' lang='lat' dir='ltr'><em>non</em></span> <span class='ocrx_word' id='word_1_359' title='bbox 1401 2831 1606 2880; x_wconf 78' lang='lat' dir='ltr'><em>colantur,</em></span> <span class='ocrx_word' id='word_1_360' title='bbox 1627 2830 1699 2873; x_wconf 82' lang='lat' dir='ltr'><em>sed</em></span> <span class='ocrx_word' id='word_1_361' title='bbox 1717 2851 1761 2884; x_wconf 88' lang='lat'><em>35</em></span> 
     </span>
    </p>
   </div>
  </div>
 </body>
</html>
