1975 3306
133 160 175 202 p.
200 149 254 189 46
276 146 304 189 l.
333 148 403 200 12]
645 148 1091 191 APOLOGETICVS
1127 151 1177 190 13
1613 149 1694 190 231

133 263 396 317 piynerando
423 279 508 319 pro
541 265 781 307 necessitate
813 280 864 307 ac
895 265 1125 307 uoluntate.
1189 265 1351 307 Minue.
1385 267 1440 307 23
1471 265 1568 321 §10
1598 270 1696 307 tunc

133 339 339 387 postremo
362 334 464 376 deus
485 341 556 384 est,
576 349 673 377 cum
701 334 822 377 homo
846 335 976 376 illum
1000 335 1134 377 uoluit
1163 341 1201 377 et
1228 335 1458 377 dedicauit.
1513 334 1694 376 Woodh.

135 402 239 444 cites
261 404 391 459 Apul.
415 404 592 446 Metam.
617 416 684 445 VII
707 419 741 447 c.
765 404 787 446 7
813 405 837 446 f.
861 405 998 447 uoluit
1027 419 1111 447 esse
1142 404 1303 447 Caesar
1323 405 1489 447 Haemi
1512 405 1696 446 latronis

137 473 366 527 colleyiunz,
399 480 436 515 et
477 473 698 530 confestim
738 474 962 525 interiuit;
1008 480 1176 516 tantum
1219 481 1356 530 potest
1396 481 1525 517 nutus
1566 475 1698 516 etiam

140 544 281 598 mayni
310 544 538 599 principis.
1715 565 1735 597 5

219 629 259 670 p.
282 616 337 657 46
361 614 384 656 l.
409 617 434 656 8
467 626 776 656 VENDITANDO
807 615 961 656 Melino
991 615 1116 672 Apol.
1141 617 1195 657 10
1218 616 1347 669 (from
1371 615 1463 672 Syr.
1488 630 1527 671 p.
1548 617 1634 656 430
1656 630 1695 657 n.

138 686 214 726 191
240 684 368 738 Otto)
389 685 524 733 stulte,
541 700 644 726 num
665 685 713 727 id
735 691 793 727 est
814 685 918 727 deus
939 686 1050 741 quod
1072 687 1253 728 emitur?
1283 701 1395 727 omn.
1419 685 1696 741 Theophil.11

139 757 163 796 2
181 770 242 811 pr.
266 770 304 811 p.
329 757 412 797 800.

221 836 530 866 CACCABVLVM
559 830 638 866 ceta.
665 825 826 866 Arnob.
855 836 904 866 VI
934 827 998 866 14.
1032 826 1082 867 cf.
1117 828 1171 867 13
1203 826 1443 868 simulacra
1473 826 1558 868 ista
1590 840 1697 881 quae

140 910 207 938 uos
247 901 406 938 terrent
447 910 636 951 quaeque
678 896 848 951 templis
888 896 935 937 in
977 896 1169 938 omnibus
1204 897 1420 951 prostrati
1456 903 1579 951 atque
1620 896 1695 937 hu·
1717 915 1761 937 10

137 967 254 1008 miles
291 967 498 1014 adoratis,
534 982 630 1008 ossa
659 967 828 1022 lapides
862 982 968 1009 aera
1000 973 1098 1009 sunt
1132 973 1359 1022 argentum
1397 982 1553 1008 (illrum
1590 972 1697 1008 testa

133 1037 299 1092 lizanum
332 1042 550 1092 sumptum
585 1052 635 1079 ew
676 1037 827 1079 arbore
863 1043 938 1079 aut
980 1038 1253 1079 commioetum
1292 1038 1512 1092 ylutinmn
1550 1051 1695 1092 yypSQ

132 1122 181 1148 ex
212 1106 430 1148 ornatibus
450 1106 642 1162 fortasse
674 1107 928 1148 meretriciis
957 1112 1033 1148 aut
1064 1121 1114 1148 eoe
1141 1106 1342 1148 muliebri
1371 1107 1528 1148 mundo
1558 1121 1695 1149 came-

132 1176 234 1218 linis
276 1191 324 1217 eoe
366 1176 536 1226 ossibus,
570 1182 645 1218 aut
687 1192 736 1218 eux
776 1177 925 1218 Indici
966 1177 1174 1219 animalis
1215 1178 1343 1227 dente,
1375 1193 1425 1220 ecc
1460 1177 1697 1220 caccabulis

132 1246 278 1288 ollulis
318 1262 368 1289 ea¹
409 1246 681 1288 candelabris
722 1252 760 1288 et
802 1247 989 1288 lucernis
1031 1253 1105 1288 aut
1147 1262 1196 1288 ex
1237 1247 1342 1288 aliis
1390 1247 1696 1289 obscenioribus
1717 1263 1758 1294 15

135 1314 322 1358 uasculis
354 1321 547 1369 con‘qesta
584 1316 768 1371 conflata
802 1316 849 1357 in
882 1316 961 1357 has
995 1317 1152 1371 species
1186 1316 1311 1358 ducta
1349 1323 1457 1366 sunt,
1489 1323 1613 1372 atque
1648 1317 1694 1357 in

120 1386 298 1442 formas
330 1402 437 1442 quas
470 1387 644 1429 cernitis
678 1388 882 1436 exierunt,
915 1387 1173 1443 fornacibus
1204 1387 1368 1429 incocta
1401 1387 1615 1442 fiyulinis,
1647 1403 1696 1429 eac

132 1457 356 1499 incudibus
377 1463 416 1499 et
436 1457 607 1498 malleis
627 1463 743 1506 nata,
763 1458 903 1512 yrosis
923 1472 1039 1507 rasa,
1061 1458 1328 1499 discobiuata
1348 1458 1398 1499 de
1426 1458 1541 1499 limis
1562 1458 1695 1500 serris

133 1526 494 1583 ÷fu⁷furaculisss
522 1528 667 1575 asceis,
688 1533 800 1569 secta
832 1527 981 1569 dolata
1011 1528 1159 1583 effossa
1191 1527 1455 1569 terebrarum
1487 1533 1695 1569 excauata

132 1597 352 1653 uertiyine‚
394 1597 678 1638 runcinarum
731 1597 921 1651 leuiyata
973 1597 1023 1639 de
1069 1598 1229 1652 planis.
1307 1598 1416 1639 leXX.
1469 1595 1691 1650 κακκάβη.
1713 1616 1758 1638 20

133 1666 372 1713 κάκκαβος.
433 1667 558 1709 inser.
600 1666 647 1708 in
689 1667 993 1709 Wochenschr.
1033 1668 1058 1709 f.
1097 1668 1151 1709 kl.
1192 1668 1301 1709 Phil.
1345 1667 1439 1710 Oen.
1479 1669 1535 1708 24
1579 1669 1693 1709 1894

131 1752 171 1793 p.
197 1740 321 1779 1188.
384 1737 520 1778 Varro
546 1737 599 1778 de
622 1736 724 1793 ling.
749 1736 844 1779 Lat.
867 1748 917 1777 VI
943 1735 962 1793 ἓ
986 1736 1067 1778 127
1096 1753 1176 1779 uas
1204 1737 1275 1779 ubi
1304 1736 1533 1792 coquebant
1556 1736 1694 1778 cibum

132 1808 183 1849 ab
216 1823 260 1850 eo
293 1807 515 1850 caccabum
546 1807 834 1862 appellarunt.
897 1807 990 1849 The
1024 1807 1248 1864 primitive
1282 1808 1402 1849 often
1439 1806 1485 1847 in
1520 1807 1690 1848 Marcel.

133 1878 308 1934 Empir.‚
330 1877 489 1919 Theod.
514 1877 655 1925 Prisc„
679 1877 879 1933 Pelagon.

220 1964 258 2004 p.
282 1950 336 1990 46
360 1948 384 1990 l.
409 1951 433 1990 9
456 1959 675 1988 TRVLLAM
696 1948 857 1989 Arnob.
882 1959 917 1989 11
942 1950 1006 1990 23.
1069 1947 1194 2004 Corp.
1219 1948 1283 1990 Gl.
1308 1959 1363 1989 111
1387 1949 1441 1989 92
1466 1949 1531 1989 28.
1712 1968 1755 1999 25

220 2017 380 2058 Arnob.
414 2028 463 2057 VI
504 2020 556 2057 15
598 2017 638 2058 si
670 2017 833 2072 aliquis
867 2024 1004 2072 ponat
1044 2018 1092 2059 in
1135 2018 1271 2060 medio
1313 2018 1481 2059 collisos
1516 2017 1693 2059 deorum

136 2088 288 2136 uzdtus,
311 2087 531 2143 confracta
560 2092 684 2141 atque
712 2087 944 2128 imminuta
963 2087 1200 2128 simulacra
1231 2087 1452 2142 iubeatque
1473 2102 1549 2128 uos
1579 2087 1693 2128 idem

121 2156 284 2212 frustis
315 2156 474 2197 hostias
506 2162 543 2197 et
563 2155 865 2211 frayminibus
893 2157 1076 2206 caedere,
1105 2157 1363 2212 informibus
1384 2157 1538 2198 massis
1565 2172 1692 2198 sacra

132 2233 170 2268 et
198 2226 349 2267 munia
377 2226 600 2281 impertire
632 2226 812 2268 diuina:
851 2226 1005 2269 audire
1038 2242 1066 2268 a
1101 2226 1218 2268 uobis
1248 2227 1519 2281 eoeposcimus‚
1543 2226 1690 2282 factu-

132 2297 226 2338 rine
258 2296 373 2337 istud
404 2296 498 2337 sitis
531 2310 588 2336 an
619 2302 765 2337 contra
797 2311 926 2351 quam
957 2295 1241 2351 imperabitur
1271 2297 1541 2337 recusaturi?
1589 2296 1689 2352 for-
1710 2317 1755 2348 30

132 2372 241 2408 tasse
270 2366 443 2408 dicetis:
475 2381 561 2420 qua
586 2367 751 2407 causa?
811 2366 914 2421 quia
936 2381 1055 2408 nemo
1082 2372 1140 2408 est
1167 2366 1210 2407 in
1235 2366 1356 2407 rebus
1381 2366 1581 2408 humanis
1603 2373 1689 2408 tam

131 2436 282 2478 stolide
311 2450 467 2482 caecus,
502 2436 576 2490 qui
608 2442 832 2490 aryentum
863 2451 933 2477 aes
962 2451 1119 2476 aurum
1143 2451 1324 2491 yypsum
1353 2435 1453 2478 ebur
1480 2437 1690 2490 aryillam

132 2505 307 2547 deorum
337 2505 382 2546 in
415 2520 640 2546 numerum
671 2505 832 2559 referat
864 2505 1041 2560 ipsaque
1066 2519 1146 2559 per
1181 2520 1223 2546 se
1259 2505 1376 2546 dicat
1411 2505 1501 2545 uim
1537 2505 1689 2548 habere

132 2581 255 2630 atque
278 2575 459 2616 obtinere
482 2575 691 2615 diuinam.

218 2659 257 2700 p.
281 2646 335 2686 46
366 2644 390 2686 l.
415 2646 468 2684 12
499 2655 731 2685 HASTARIO
764 2644 872 2685 lexx,
895 2643 980 2685 cite
1003 2643 1103 2699 only
1132 2644 1246 2686 Terin.
1270 2644 1309 2686 h.
1333 2644 1356 2686 l.
1379 2644 1465 2685 and
1487 2645 1540 2686 ad
1564 2652 1649 2688 nat.
1670 2658 1685 2687 Ι
1704 2667 1748 2698 35

135 2716 189 2755 10
210 2729 250 2770 p.
274 2714 327 2756 76
357 2714 381 2756 1.
407 2716 460 2755 18
492 2714 616 2756 Wiss.
646 2714 719 2756 sed
751 2714 896 2768 aliquo
927 2714 1085 2755 solacio
1112 2714 1390 2768 priuatorum
1421 2720 1459 2756 et
1488 2713 1684 2757 domesti-

71 2823 74 2826 .
133 2799 277 2826 corum
335 2784 508 2826 oleorum
566 2783 779 2839 querellae
835 2784 1054 2832 iuuantur,
1112 2783 1221 2838 quod
1274 2784 1468 2838 publicos
1515 2786 1685 2840 turpius

133 2854 549 2909 contumeliosiusque
582 2854 781 2895 tractetis.
857 2853 948 2894 iam
987 2853 1194 2908 primum,
1225 2867 1326 2908 quos
1361 2853 1407 2894 in
1443 2854 1684 2895 hastarium
