1975 3306
300 139 376 178 118
873 131 1276 174 TERTVLLIANI

293 253 377 293 illic
411 252 616 292 arborum
650 264 794 304 poma,
829 254 1045 289 conantur
1078 246 1212 287 oculis
1245 251 1386 294 tenus,
1422 251 1615 286 ceterum
1649 250 1854 285 contacta

293 334 577 374 cinerescunt.
640 331 725 372 sed
763 344 840 371 nec
881 329 1036 370 Tuscia
1074 329 1162 369 iam
1202 332 1307 368 tunc
1347 332 1482 381 atque
1521 325 1759 380 Campania
1801 325 1854 365 de

296 414 551 455 Christianis
580 412 890 467 querebantur,
922 425 1020 451 cum
1050 409 1269 450 Vulsinios
1297 408 1350 449 de
1380 408 1510 457 caelo,
1543 407 1773 462 Pompeios
1802 406 1855 447 de

294 510 371 536 suo
404 500 553 535 monte
585 493 779 548 perfudit
808 493 931 547 ignis.
994 491 1133 531 Nemo
1166 490 1309 531 adhuc
1340 490 1509 530 Romae
1540 489 1671 529 deum
1702 502 1854 529 uerum

295 577 511 618 adorabat
551 591 649 617 cum
690 574 914 616 Hannibal
954 573 1072 628 apud
1113 573 1284 613 Cannas
1325 587 1399 626 per
1438 572 1663 612 Romanos
1702 569 1855 611 anulos

295 657 448 698 caedes
475 672 575 697 suas
603 656 749 697 modio
778 654 1056 696 metiebatur.
1121 653 1281 694 Omnes
1310 653 1377 693 dei
1406 652 1540 693 uestri
1568 651 1623 692 ab
1653 650 1855 691 omnibus

295 739 563 784 colebantur,
593 752 692 778 011111
717 737 861 791 ipsum
888 735 1152 790 Capitolium
1180 734 1370 775 Senones
1397 738 1734 788 occupauerant.
1798 731 1855 772 Et

295 821 404 861 bene
446 821 577 875 (111001,
621 820 655 861 31
696 819 802 874 quid
843 818 1014 859 aduersi
1056 817 1237 858 urbibus
1278 816 1450 865 accidit,
1495 815 1672 856 eaedem
1713 814 1856 855 clades

297 903 561 957 templorum
585 916 696 956 quae
719 906 763 942 et
784 900 1004 941 moenium
1028 898 1218 947 fuerunt,
1242 904 1293 939 ut
1314 898 1401 938 iam
1424 898 1503 938 hoc
1526 897 1746 937 reuincam
1771 910 1855 935 11011

296 983 350 1023 ab
375 983 433 1023 eis
456 982 640 1029 euenire,
666 981 768 1035 quia
791 986 835 1021 et
856 979 959 1034 ipsis
982 979 1141 1019 euenit.
1204 978 1382 1032 Semper
1404 978 1596 1018 humana
1618 991 1723 1031 gens
1745 975 1856 1016 male

295 1065 348 1105 de
379 1064 459 1105 deo
491 1063 662 1104 meruit.
725 1062 871 1102 Primo
903 1060 1079 1115 quidem
1111 1065 1161 1100 ut
1191 1059 1428 1100 inofficiosa
1460 1059 1562 1107 eius,
1596 1072 1725 1112 quem
1757 1072 1854 1097 cum

294 1145 564 1200 intellegeret
596 1159 648 1184 ex
681 1149 818 1208 parte,
852 1157 940 1183 non
972 1141 1213 1196 requisiuit,
1248 1140 1323 1181 sed
1356 1146 1399 1181 et
1431 1140 1537 1180 alios
1568 1140 1744 1193 insuper
1775 1138 1855 1179 sibi

295 1231 595 1268 commentata
626 1240 734 1280 quos
764 1224 945 1272 coleret:
994 1222 1150 1263 dehinc
1181 1221 1298 1276 quod
1328 1236 1415 1261 11011
1446 1220 1705 1275 inquirendo
1736 1220 1854 1260 111110-

295 1309 463 1349 centiae
490 1307 747 1362 magistrum
774 1311 818 1346 et
842 1305 1071 1346 nocentiae
1095 1303 1282 1344 iudicem
1310 1308 1353 1343 et
1379 1307 1628 1342 exactorem
1654 1300 1857 1341 omnibus

298 1390 414 1431 uitiis
455 1394 499 1430 et
538 1387 792 1429 criminibus
829 1386 1025 1427 inoleuit.
1087 1385 1289 1426 Ceterum
1329 1384 1363 1425 si
1403 1384 1666 1438 requisisset,
1708 1397 1856 1436 seque-

296 1473 440 1519 batur,
474 1477 524 1512 ut
555 1474 833 1526 cognosceret
863 1468 1122 1523 requisitum
1154 1473 1198 1508 et
1228 1467 1499 1518 recognitum
1531 1466 1783 1507 obseruaret
1815 1471 1857 1505 et

296 1553 579 1594 obseruatum
598 1550 838 1605 propitium
856 1549 993 1603 magis
1011 1548 1280 1602 experiretur
1296 1562 1428 1601 quam
1447 1547 1621 1587 iratum.
1656 1545 1856 1586 Eundem

295 1634 428 1689 igitur
456 1647 572 1674 nunc
602 1645 777 1686 (1110(1110
807 1630 913 1671 30110
942 1629 1074 1670 debet
1102 1629 1264 1670 iratum
1296 1643 1425 1682 quem
1457 1634 1500 1668 et
1529 1633 1644 1668 retro
1673 1641 1855 1681 semper.

296 1717 551 1771 priusquam
571 1713 805 1755 Christiani
825 1711 1170 1752 nominarentur.
1233 1710 1364 1751 Cuius
1383 1710 1507 1750 bonis
1528 1709 1737 1750 utebatur
1756 1714 1858 1749 ante

297 1797 426 1837 editis
442 1811 574 1850 quam
592 1794 673 1835 sibi
689 1794 793 1834 deos
808 1793 1003 1847 fingeret,
1022 1806 1097 1832 0111
1112 1806 1199 1832 11011
1215 1791 1270 1831 ab
1288 1805 1336 1831 eo
1354 1791 1486 1831 etiam
1504 1790 1617 1830 mala
1634 1789 1860 1841 intellegat

298 1884 469 1925 euenire
505 1883 627 1923 cuius
662 1881 779 1922 bona
815 1894 905 1921 esse
941 1893 1028 1919 non
1065 1878 1226 1919 sensit?
1292 1878 1412 1918 Illius
1449 1892 1519 1917 rea
1557 1883 1623 1917 est
1658 1876 1780 1916 cuius
1816 1881 1859 1916 et

297 1971 482 2025 ingrata.
545 1969 605 2009 Et
644 1974 793 2009 tamen
833 1966 867 2007 si
908 1965 1114 2020 pristinas
1155 1964 1298 2005 clades
1338 1977 1654 2018 comparemus,
1696 1962 1859 2003 leuiora

298 2071 414 2097 nunc
449 2055 668 2104 accidunt,
707 2069 758 2093 ex
795 2052 1185 2107 quo”Christianos
1220 2065 1245 2091 a
1280 2050 1361 2091 deo
1397 2049 1512 2090 orbis
1547 2049 1728 2103 accepit.
1792 2048 1858 2088 Ex

299 2159 348 2183 eo
378 2143 491 2183 enim
522 2148 565 2182 et
593 2139 843 2182 innocentia
872 2138 1030 2179 saeculi
1060 2137 1316 2191 iniquitates
1345 2136 1610 2190 temperauit
1639 2140 1682 2175 et
1710 2134 1858 2188 depre-

300 2234 468 2270 catores
494 2228 562 2269 dei
590 2241 679 2268 esse
706 2230 956 2280 coeperunt.
1018 2224 1218 2278 Denique
1245 2237 1343 2264 cum
1370 2222 1425 2263 ab
1453 2221 1665 2262 imbribus
1691 2220 1858 2260 aestiua

299 2316 479 2357 hiberna
509 2314 785 2369 suspendunt
816 2318 859 2353 et
890 2326 1031 2353 annus
1062 2312 1105 2352 in
1137 2325 1239 2351 cura
1272 2315 1349 2359 est,
1384 2324 1461 2350 uos
1492 2308 1669 2363 quidem
1701 2306 1860 2348 cotidie

300 2402 413 2456 pasti
446 2402 687 2455 statimque
721 2399 932 2454 pransuri,
968 2397 1133 2438 balneis
1167 2402 1211 2437 et
1243 2395 1467 2450 cauponiis
1500 2400 1543 2435 et
1575 2392 1859 2448 lupanaribus

300 2487 596 2542 operantibus,
652 2486 854 2540 aquilicia
909 2484 1002 2525 Ioui
1057 2483 1307 2531 immolatis,
1363 2480 1643 2535 nudipedalia
1697 2478 1859 2533 populo

301 2574 584 2622 denuntiatis,
636 2573 803 2613 caelum
853 2570 971 2626 apud
1021 2569 1284 2624 Capitolium
1336 2567 1556 2622 quaeritis,
1608 2565 1757 2606 nubila
1806 2564 1859 2604 de

305 2660 583 2714 laquearibus
620 2658 897 2713 exspectatis,
937 2656 1076 2697 auersi
1115 2655 1170 2696 ab
1208 2655 1301 2709 ipso
1340 2659 1383 2694 et
1419 2653 1499 2694 deo
1537 2658 1581 2693 et
1617 2651 1757 2692 caelo:
1779 2665 1857 2691 nos

302 2761 403 2788 uero
431 2746 599 2787 ieiuniis
625 2745 734 2786 aridi
762 2750 806 2785 et
832 2744 951 2784 omni
979 2742 1250 2783 continentia
1278 2740 1481 2795 expressi,
1511 2739 1566 2780 ab
1594 2738 1711 2779 omni
1741 2737 1858 2778 uitae

302 2834 423 2888 fruge
451 2832 588 2881 dilati,
622 2832 663 2872 in
692 2845 816 2872 sacco
846 2836 890 2871 et
918 2830 1058 2870 cinere
1088 2828 1340 2870 uolutantes
1367 2826 1533 2868 inuidia
1563 2824 1731 2865 caelum
1760 2828 1858 2864 tun-

1875 584 1894 616 5

1878 993 1920 1016 10

1879 1401 1919 1432 15

1878 1809 1922 1832 20

1879 2237 1921 2269 25

1879 2665 1924 2697 30
