1975 3306
276 197 360 236 368
854 189 1264 232 TERTVLLIANI
1487 190 1545 246 [p.
1575 189 1704 231 1041.
1734 191 1843 229 18—-

361 322 457 352 NoN
490 320 786 352 cnnlsTIAle
818 308 982 351 Oehler
1012 322 1067 349 on
1099 322 1132 349 c.
1171 309 1195 348 2
1228 322 1267 364 p.
1302 306 1383 349 117
1407 322 1447 349 n.
1463 322 1501 363 g.
1562 307 1617 361 [=
1635 321 1713 347 our
1743 320 1782 362 p.
1814 307 1840 346 8

273 382 312 423 ll.
337 381 483 435 3—4.]

358 462 509 501 ATQVE
532 462 657 492 ADEo
679 464 711 490 e.
735 450 762 490 4
784 463 845 504 pr.
870 450 924 489 22
947 463 1008 504 pr.
1035 449 1101 489 24.
1126 450 1192 489 25.

358 538 397 578 p.
423 523 507 563 104
529 521 553 563 l.
579 522 631 562 19
655 529 920 561 ERVPTIONE
943 533 974 560 c.
999 519 1054 560 39
1080 518 1104 559 f.
1128 533 1167 574 p.
1194 519 1278 558 114
1302 517 1325 558 l.
1349 516 1402 559 37
1427 531 1466 558 n.

229 610 249 641 5
359 607 397 649 p.
432 593 516 634 104
548 591 572 632 l.
606 592 661 632 20
686 600 878 636 ,GENIVM
910 588 980 629 Ad
1010 588 1134 644 Scap.
1169 589 1193 628 2
1226 586 1342 629 cited
1375 587 1421 628 in
1454 593 1557 629 note
1590 601 1645 628 on
1677 601 1715 642 p.
1752 587 1835 628 104

270 665 292 705 l.
319 665 383 705 14.
446 664 495 704 ef.
518 677 551 704 c.
576 664 629 703 28
653 661 677 702 f.
701 676 740 717 p.
765 660 866 702 941.
892 662 946 700 18
969 674 1009 700 n.

357 749 395 790 p.
432 735 517 775 104
554 733 578 775 l.
615 734 668 773 22
712 742 974 772 PLAVSORES
1011 730 1078 771 De
1118 729 1283 771 Paenit.
1324 731 1455 770 101n.
1519 729 1623 770 Hor.
1663 728 1834 770 Petron.

269 803 391 846 Suet.
427 802 517 845 Sid.
556 817 620 859 ep.
659 803 686 842 4
724 803 778 842 25
810 801 1076 857 promiserat
1112 800 1396 842 ecclesiastica
1432 798 1712 855 plausoribus
1746 797 1836 840 suis

261 874 457 930 praedae
482 872 673 929 praedia
694 871 808 928 fore.
870 871 996 927 Kaye
1028 872 1095 912 49.

205 963 248 986 10
356 960 395 1000 p.
422 945 505 985 104
527 943 551 984 l.
576 944 630 984 23
654 952 1014 983 PARRICIDARVM
1037 940 1134 981 Tac.
1158 939 1270 980 Ann.
1296 950 1361 980 XV
1385 939 1451 981 73.
1515 938 1630 980 Hist.
1654 950 1669 979 1
1693 941 1759 980 85.

357 1024 624 1055 RACEMATIO
667 1010 743 1052 ἄπ.
779 1011 855 1068 εἰρ.
919 1009 1127 1066 Spartian
1165 1008 1265 1050 Seu.
1307 1011 1359 1050 15
1391 1006 1411 1065 ξ
1442 1010 1468 1050 3
1500 1009 1573 1051 sed
1603 1014 1752 1064 postea
1787 1009 1834 1050 in

268 1084 448 1140 Syriam
483 1082 608 1132 redit,
644 1082 709 1123 ita
746 1086 791 1122 ut
827 1095 869 1122 se
904 1085 1091 1136 pararet
1132 1093 1182 1121 ac
1223 1078 1378 1120 bellum
1419 1078 1602 1120 Parthis
1643 1079 1832 1134 inferret.

267 1155 378 1197 inter
409 1154 509 1196 haec
545 1151 864 1195 Pescennianas
896 1150 1107 1205 reliquias
1138 1149 1377 1190 Plautiano
1411 1155 1581 1191 auctore
1610 1164 1831 1205 perseque-

267 1225 404 1275 batur,
434 1225 499 1265 ita
534 1229 576 1265 ut
611 1222 838 1264 nonnullos
873 1221 1003 1262 etiam
1038 1235 1087 1262 ea·
1121 1220 1273 1262 amicis
1309 1220 1398 1261 suis
1429 1219 1554 1275 quasi
1589 1220 1699 1261 uitae
1730 1233 1833 1261 suae

203 1312 245 1344 15
266 1295 540 1337 insidiatores
582 1298 805 1349 appeteret.
870 1291 924 1332 id.
964 1291 1078 1333 Geta
1115 1293 1142 1331 4
1178 1290 1420 1338 Bassianus
1457 1289 1719 1343 (Caracalla)
1757 1305 1830 1332 en-

266 1365 492 1423 couraged,
515 1365 629 1407 Geta
651 1362 912 1419 deprecated
935 1361 1164 1403 wholesale
1188 1360 1452 1402 executions.

354 1453 393 1492 p.
419 1438 501 1478 104
525 1436 548 1476 l.
572 1437 627 1476 24
649 1444 972 1475 RAMOSISSIMIS
995 1431 1151 1488 superl.
1175 1431 1264 1472 also
1287 1430 1332 1471 in
1356 1430 1464 1472 Plin.
1489 1430 1587 1472 hist.
1610 1436 1698 1472 nat.

354 1516 746 1548 PRAESTRVEBANT
779 1504 892 1545 Adu.
930 1503 1060 1544 Mare.
1098 1514 1129 1543 v
1169 1503 1221 1543 16
1260 1517 1298 1557 p.
1338 1503 1421 1543 632
1460 1502 1483 1543 l.
1522 1505 1542 1542 1
1584 1502 1659 1543 Kr.
1695 1502 1767 1557 qui
1801 1517 1828 1542 a

257 1578 504 1635 primordio
541 1593 687 1620 rerum
723 1581 928 1617 naturam
960 1573 1154 1629 operibus
1186 1573 1395 1628 beneficiis
1422 1573 1570 1628 plaqis
1596 1571 1827 1628 praedica-

201 1672 246 1694 20
264 1638 644 1691 tionibus-testibus
672 1646 730 1687 ad
759 1645 1016 1700 aynitionem
1047 1644 1115 1685 sui
1136 1643 1417 1698 praestruxit.
1480 1642 1577 1684 Iun.
1610 1644 1674 1684 10.
1706 1643 1759 1684 65
1787 1657 1827 1684 n.

352 1734 391 1775 p.
424 1720 506 1759 104
537 1717 560 1758 l.
592 1719 645 1758 25
676 1725 1008 1756 NEBVLABANT:
1042 1713 1157 1754 word
1186 1712 1387 1754 nowhere
1411 1713 1498 1754 else
1528 1712 1672 1754 found.
1736 1712 1826 1766 [An

264 1803 389 1830 error.
462 1788 507 1829 It
548 1801 696 1828 occurs
738 1786 850 1840 Aug.
894 1783 1030 1825 Serm.
1074 1784 1169 1832 164,
1206 1785 1270 1834 12,
1311 1783 1397 1824 and
1444 1782 1827 1824 Benoist-Goelzer

264 1858 350 1900 cite
383 1857 534 1899 Victor
567 1855 773 1898 Vitensis.
836 1855 887 1896 A.
906 1854 968 1908 8]

352 1945 390 1986 p.
417 1931 499 1970 104
523 1929 546 1969 l.
572 1930 624 1969 29
653 1925 893 1982 Capitolini
916 1925 973 1966 M.
997 1925 1205 1966 Antonin.
1231 1924 1339 1965 Phil.
1364 1926 1388 1965 6
1411 1922 1450 1980 §g
1472 1926 1497 1964 8
1522 1925 1545 1964 9
1569 1929 1661 1965 erat
1683 1929 1824 1965 autem

201 2020 244 2052 25
263 2001 309 2042 in
339 2000 518 2041 summis
550 1997 754 2053 obsequiis
784 1996 930 2051 patris
964 1996 1153 2045 Marcus,
1185 1995 1383 2050 quantuis
1417 2010 1497 2036 non
1533 1994 1716 2036 deessent
1750 1994 1825 2049 qui

264 2070 415 2125 aliqua
456 2069 688 2111 aduersum
729 2082 824 2108 eum
864 2067 1189 2108 insusurrcment
1222 2071 1259 2107 et
1295 2080 1407 2120 prae
1439 2065 1585 2106 ceteris
1624 2064 1824 2106 Valerius

264 2140 511 2188 Homullus,
556 2138 629 2193 qui
670 2152 765 2179 cuni
815 2136 1031 2178 Lucillam
1087 2141 1266 2177 tnatrem
1313 2135 1458 2177 Marci
1507 2135 1553 2175 in
1604 2134 1822 2175 uiridario

266 2215 531 2252 uenerantem
572 2207 856 2248 simulacrum
891 2205 1115 2261 Apollinis
1159 2205 1343 2254 uidisset,
1385 2204 1681 2245 insusurrauit
1723 2203 1822 2245 ‘illa
1868 2230 1870 2233 .

262 2297 372 2323 nunc
394 2285 517 2335 royat
540 2284 584 2320 ut
606 2278 719 2319 diem
741 2283 861 2319 tuum
883 2276 1062 2319 claudas
1082 2282 1120 2317 et
1132 2276 1259 2331 filius
1275 2274 1475 2330 ‘imperet'
1527 2274 1637 2329 quod
1654 2274 1821 2316 omnino

200 2373 245 2404 30
264 2351 382 2407 apucl
403 2350 535 2391 Pium
557 2348 667 2389 nihil
690 2347 842 2388 ualuit.

352 2436 390 2477 p.
412 2422 494 2461 104
513 2419 536 2460 l.
556 2420 610 2459 30
634 2428 923 2458 ASTROLOGOS
946 2431 977 2457 c.
996 2417 1051 2457 43
1075 2430 1113 2470 p.
1134 2418 1218 2455 124
1242 2415 1264 2455 l.
1285 2416 1309 2455 (3
1333 2413 1541 2469 Spartian
1563 2412 1662 2455 Seu.
1685 2415 1735 2454 15
1757 2411 1818 2469 §5

262 2492 415 2533 multos
450 2490 590 2537 etiaim
619 2488 744 2543 quasi
776 2487 1012 2529 Chaldaeos
1043 2492 1118 2534 aut
1149 2492 1269 2527 uates
1305 2485 1355 2526 cle
1388 2500 1468 2526 sua
1501 2485 1636 2526 salute
1672 2499 1819 2526 consu-

262 2563 446 2612 luissent,
472 2560 694 2607 interemit,
722 2559 955 2614 praecipue
985 2563 1199 2612 suspectus
1234 2571 1362 2597 unmn
1393 2570 1591 2611 quemque
1621 2554 1819 2596 idoneum

262 2631 454 2687 imperio,
486 2645 580 2671 cum
611 2629 700 2683 ipse
725 2628 938 2683 paruulos
971 2626 1109 2668 (adhuc
1131 2626 1253 2681 filios
1284 2624 1463 2674 liaberet,
1493 2625 1618 2679 idque
1651 2623 1739 2665 (lici
1766 2623 1818 2665 ab

198 2720 242 2751 35
262 2701 327 2741 liis
359 2700 427 2742 uel
462 2699 646 2741 crederet
683 2698 747 2739 uel
781 2697 962 2746 audiret,
998 2696 1071 2751 qui
1101 2696 1184 2737 sibi
1216 2694 1543 2749 ciecgyurabantur
1578 2693 1815 2749 imperium.

262 2769 449 2825 Against
474 2768 634 2809 Valens
657 2778 740 2808 A.D.
760 2766 841 2808 371
868 2765 1086 2806 Amlnian.
1105 2764 1170 2817 (in
1192 2764 1324 2817 Hau.)
1342 2775 1462 2804 XXIX
1483 2761 1540 2819 2§
1558 2763 1609 2804 27
1629 2764 1814 2817 (below).

261 2839 357 2880 Tac.
381 2838 494 2879 Ann.
518 2849 587 2878 XII
618 2839 683 2878 52.
717 2848 800 2877 XVI
835 2838 890 2878 30
922 2835 1037 2877 cited
1070 2835 1128 2891 by
1151 2834 1313 2876 Oehlet·
1343 2834 1397 2874 ad
1429 2834 1499 2875 fin.
1523 2849 1612 2889 cap.
1675 2833 1816 2875 When

262 2909 425 2963 legyatus
447 2908 717 2962 proconsulis
733 2907 929 2963 Africae,
952 2905 1196 2961 Septimius
1219 2904 1409 2946 Seuerus
1431 2903 1594 2959 (Spart.
1618 2906 1642 2944 2
1659 2904 1704 2958 f.)
1721 2918 1816 2946 oum
