1975 3306
280 79 365 119 412
858 77 1266 122 TERTVLLIANI
1494 79 1550 135 [p.
1580 78 1710 121 1181.
1736 81 1847 121 31—

372 214 410 255 p.
446 202 529 239 118
560 200 582 240 l.
611 202 662 241 31
699 211 896 241 IEIVNJIS
927 211 1059 241 Amm
1093 200 1160 241 De
1190 200 1331 242 Ieiun.
1361 204 1383 242 1
1416 216 1456 257 p.
1490 201 1572 242 275
1606 201 1630 242 l.
1663 203 1684 241 1
1720 199 1848 242 Wiss.

285 276 473 324 argyuunt
507 285 589 319 nos,
622 270 731 325 quod
762 271 927 312 ieiunia
957 271 1146 326 propria
1178 271 1477 320 custodiamus,
1508 271 1619 326 quod
1648 270 1850 312 stationes

279 340 533 395 plerumque
563 341 607 381 in
649 356 869 396 uesperam
905 341 1211 396 producamus,
1248 341 1360 396 quod
1396 341 1527 383 etiam
1562 340 1850 395 oeerophayias

285 410 561 459 obs-eruemus,
583 412 788 453 siccantes
809 410 946 453 cibum
974 411 1026 452 ab
1055 411 1171 453 omni
1200 426 1328 453 carne
1356 417 1393 452 et
1416 411 1532 452 omni
1552 410 1791 452 iurulentia
1813 415 1851 452 et

243 499 263 530 5
288 481 556 522 uuidioribus
578 481 809 538 quibusque
832 483 986 537 pomis,
1009 498 1082 524 nec
1103 482 1207 538 quid
1229 483 1473 524 uinositatis
1498 482 1561 524 uel
1584 481 1761 523 edamus
1783 480 1850 523 uel

281 559 472 607 potemus
482 568 494 601 ;
528 552 700 594 lauacri
722 567 881 608 quoque
903 552 1214 603 abstinentiam,
1238 559 1533 609 conyruentem
1556 553 1682 594 arido
1704 552 1849 594 uictui.

288 624 340 663 13
359 638 399 677 p.
418 624 499 664 291
526 622 548 663 ].
575 622 628 663 27
649 622 776 664 Wiss.
797 622 894 665 bene
915 629 1069 672 autem,
1089 624 1199 679 quod
1221 629 1258 665 et
1279 623 1466 679 episcopi
1492 623 1716 664 uniuersae
1734 622 1852 677 plebi

288 692 495 733 mandare
512 693 677 734 ieiunia
693 693 898 742 adsolent,
913 709 994 735 non
1018 693 1112 735 dico
1135 694 1186 736 de
1202 694 1422 736 industria
1438 694 1619 749 stipium
1635 692 1850 749 conferen-

287 763 456 804 darum.
498 768 545 804 ut
586 768 753 804 uestrae
792 769 997 818 capturae
1039 769 1109 813 est,
1151 764 1224 806 sed
1266 764 1483 806 interdum
1531 769 1569 804 et
1610 778 1659 805 ea:
1701 763 1852 818 aliqua

223 854 265 876 10
285 832 591 875 sollicitudinis
613 834 920 876 ecclesiasticae
943 849 1084 876 causa.
1147 835 1292 890 itaque
1319 834 1359 875 si
1381 839 1419 876 et
1440 849 1490 875 eoe
1511 833 1696 875 hominis
1718 833 1852 875 edicto

287 909 324 945 et
355 904 401 944 in
435 919 564 944 [mum
598 919 739 945 omnes
771 902 1182 960 ταπεινοφρόνησιν
1210 904 1401 960 agitatis,
1424 903 1630 959 quomodo
1662 903 1709 944 in
1736 902 1854 944 nobis

286 973 424 1028 ipsam
451 988 610 1028 quoque
636 974 843 1015 unitatem
863 974 1177 1015 ieiunationum
1199 980 1236 1016 et
1257 973 1625 1029 {reroplzayiarum
1646 978 1684 1015 et
1705 973 1851 1015 statio-

286 1058 385 1084 num
421 1043 664 1085 denotatis?
726 1046 779 1084 15
813 1059 850 1100 p.
883 1046 966 1084 294
1008 1044 1031 1085 l.
1068 1043 1090 1085 7
1129 1043 1254 1086 Wiss.
1290 1058 1383 1086 esca
1415 1059 1490 1085 nos
1521 1043 1596 1085 deo
1629 1059 1708 1084 non
1743 1058 1852 1085 com-

286 1114 461 1156 mendat
483 1114 544 1168 [=
562 1117 583 1155 1
610 1114 705 1157 Cor.
730 1117 767 1157 8.
791 1117 828 1156 8.
881 1115 932 1157 A.
942 1114 1005 1170 S]
1029 1131 1110 1157 non
1134 1121 1179 1157 ut
1207 1115 1257 1157 de
1279 1115 1411 1156 arida
1434 1114 1597 1156 dictum
1623 1120 1759 1169 putes,
1780 1114 1854 1157 sed

222 1207 265 1239 15
280 1185 426 1239 potius
458 1184 509 1226 de
537 1190 665 1226 mictu
698 1190 734 1226 et
763 1191 979 1227 accurata.
1032 1184 1086 1226 ad
1117 1184 1242 1241 Scap.
1275 1187 1302 1226 4
1332 1188 1390 1240 (p.
1420 1186 1517 1233 549,
1549 1184 1574 1225 l.
1609 1184 1654 1238 1)
1684 1184 1853 1240 quando

288 1270 370 1296 non.
401 1254 786 1309 geniculationibus
827 1260 865 1296 et
906 1254 1240 1296 ieiunationibus
1281 1254 1439 1296 nostris
1476 1254 1607 1295 etiam
1643 1254 1855 1295 siccitates

287 1330 383 1366 sunt
424 1324 650 1379 depulsae?
712 1323 842 1380 Cypr.
885 1339 949 1380 ep.
992 1326 1041 1364 11
1076 1339 1138 1380 pr.
1180 1322 1200 1380 ἓ
1245 1328 1264 1365 1
1311 1323 1855 1378 admoneo...relliyiosam

287 1395 619 1436 sollicitudinem
644 1401 834 1436 uestram
857 1400 902 1436 ‘ut
925 1394 982 1435 ad
999 1395 1270 1449 placandum
1299 1401 1423 1450 atque
1445 1394 1708 1436 eoeorandum
1729 1394 1855 1436 deum

287 1481 366 1507 non
402 1481 499 1507 vuoce
529 1465 621 1507 sola
653 1465 726 1507 sed
757 1471 795 1507 et
826 1466 1003 1507 ieiuniis
1035 1472 1072 1507 et
1097 1466 1293 1507 lacrimis
1322 1472 1359 1508 et
1391 1466 1508 1507 omni
1529 1479 1680 1520 yenere
1708 1464 1856 1520 depre-

223 1556 268 1579 20
288 1536 469 1578 cationis
501 1536 848 1590 inqemescamus.
912 1537 967 1577 60
993 1533 1012 1592 ξ
1035 1538 1059 1577 5
1078 1535 1422 1585 hortunam-...ut
1444 1534 1855 1591 quoniam...admo-

288 1621 439 1648 nemur
476 1606 834 1661 appropinquare
874 1606 966 1646 iam
1008 1606 1256 1647 certaminis
1298 1612 1335 1648 et
1376 1607 1528 1661 ayonis
1559 1606 1694 1647 nostri
1729 1605 1856 1655 diem,

287 1676 462 1717 ieiuniis
492 1676 663 1731 uiqiliis
696 1676 962 1718 orationibus
992 1676 1188 1718 insistere
1219 1692 1314 1718 cum
1347 1677 1463 1718 omni
1488 1675 1609 1731 plebe
1634 1690 1715 1716 non
1746 1675 1855 1717 desi-

291 1762 454 1788 namus.
508 1746 662 1803 Bailey
680 1746 858 1788 Rituale
882 1745 1177 1803 Anglo-Cath.
1204 1746 1346 1789 75-ss
1369 1748 1613 1802 (tempest),
1629 1747 1684 1788 89
1707 1744 1856 1800 (fruits

289 1818 336 1859 of
354 1817 429 1859 the
452 1817 608 1871 earth),
633 1819 689 1859 94
711 1818 796 1871 (for
818 1817 943 1866 rain),
968 1817 1109 1859 96-7
1134 1818 1310 1874 (prayer
1331 1817 1378 1858 in
1399 1816 1586 1870 dearbh).

223 1909 267 1941 25
379 1891 632 1930 EXPRESSI?
685 1888 865 1937 shrunk‚
895 1887 1141 1937 shrivelled,
1169 1887 1367 1944 pinched.
1432 1887 1561 1943 Greg.
1588 1887 1692 1929 Naz.
1727 1887 1800 1929 Or.
1831 1890 1853 1929 1

292 1960 339 2002 in
361 1959 520 2001 Iulian.
545 1958 567 2000 7
592 1958 764 2015 (Migne
788 1958 831 2000 P.
849 1958 899 2000 G.
922 1970 1058 1999 XXXV
1082 1959 1206 2013 593³)
1230 1956 1333 2015 ὁρᾷς
1365 1957 1467 2003 τοὺς
1493 1957 1651 2010 ἀβίους
1678 1958 1857 2005 τούτους

291 2030 365 2073 καὶ
389 2028 617 2075 ἀνεστίους
642 2029 715 2071 καὶ
739 2028 966 2084 ἀσάρκους
988 2031 1147 2085 μικροῦ
1170 2028 1243 2070 καὶ
1267 2026 1516 2080 ἀναίμονας,
1535 2028 1609 2069 καὶ
1634 2027 1718 2084 θεῷ
1741 2027 1856 2070 κατὰ

292 2102 422 2143 τοῦτο
445 2099 810 2150 πλησιάζοντας;

380 2185 418 2225 p.
446 2172 528 2210 118
552 2169 576 2210 l.
601 2170 655 2210 32
680 2179 730 2210 IN
754 2179 897 2210 sAeeo
919 2179 976 2209 ET
998 2179 1171 2209 CINERE
1195 2167 1261 2209 De
1286 2167 1531 2209 Paenitenn.
1553 2170 1604 2208 11
1630 2183 1691 2224 pr.
1710 2168 1856 2210 deuer-

227 2263 272 2294 30
292 2241 387 2282 sari
417 2240 461 2280 in
494 2239 793 2294 asperitudine
823 2239 948 2281 sacci.
1010 2237 1065 2280 ib.
1101 2241 1125 2280 9
1159 2238 1209 2280 de
1241 2239 1334 2293 ipso
1367 2253 1528 2293 quoque
1559 2237 1703 2280 habitu
1733 2244 1858 2294 atque

292 2311 407 2351 ‘uictu
432 2309 614 2351 vmandat
636 2324 755 2351 sacco
778 2314 815 2351 et
837 2309 973 2351 cineri
993 2308 1207 2358 incubare,
1231 2323 1386 2364 corpus
1406 2307 1604 2349 sordibus
1621 2308 1857 2359 obscurare,

294 2382 489 2423 animum
526 2381 795 2422 maeroribus
831 2380 1003 2422 deicere.
1066 2379 1133 2421 De
1172 2378 1361 2421 Patienb.
1399 2380 1452 2420 13
1487 2393 1528 2435 p.
1563 2380 1618 2420 20
1652 2379 1676 2419 l.
1717 2381 1741 2421 9
1781 2379 1856 2422 Kr.

294 2454 338 2494 in
371 2453 533 2507 primis
565 2451 803 2506 adflictatio
835 2451 1149 2499 carnis,...cum
1180 2449 1326 2491 sordes
1358 2463 1453 2490 cum
1486 2448 1687 2503 anyustia
1720 2449 1858 2491 uictus

295 2523 466 2564 domino
490 2522 607 2569 libat,
631 2527 825 2563 contenta
846 2520 1039 2576 simplici
1063 2520 1227 2575 pabulo
1248 2534 1440 2575 puroque
1461 2533 1598 2574 aquae
1622 2525 1739 2574 potu,
1762 2534 1859 2562 cum

229 2615 273 2646 35
295 2592 457 2634 ieiunia
495 2591 725 2645 coniungit,
755 2605 849 2632 cum
876 2590 1012 2632 cineri
1048 2596 1086 2632 et
1113 2605 1233 2632 sacco
1258 2590 1463 2631 inolescit.
1525 2589 1592 2631 De
1630 2589 1768 2631 Ieiun.
1804 2591 1857 2632 16

297 2677 334 2717 p.
367 2663 450 2702 <295
487 2661 511 2701 l.
548 2662 600 2702 26
635 2660 760 2701 Wiss.
788 2660 923 2702 saccis
956 2660 1091 2701 velati
1124 2665 1163 2701 et
1191 2660 1331 2701 cinere
1361 2659 1576 2714 conspersi
1607 2659 1738 2700 idolis
1768 2660 1860 2702 suis

296 2732 485 2772 inediam
504 2731 742 2784 (inuidiam
759 2730 869 2784 cod.)
890 2730 1126 2785 supplicem
1148 2729 1342 2771 obiciunt.
1406 2728 1587 2771 Cedren.
1612 2734 1667 2785 ‘p.
1691 2730 1794 2772 300'
1817 2731 1864 2771 of

297 2801 372 2843 the
391 2816 588 2857 emperor
611 2803 654 2843 ἐν
677 2800 832 2856 σάκκῳ
852 2800 924 2842 καὶ
943 2799 1111 2856 σποδῷ.
1154 2799 1303 2841 Ambr.
1327 2799 1495 2854 [rabber
1512 2797 1685 2841 Niceba.
1726 2799 1777 2841 A.
1793 2799 1857 2855 S.]
