<?xml version="1.0" encoding="UTF-8"?>
<!DOCTYPE html PUBLIC "-//W3C//DTD XHTML 1.0 Transitional//EN"
    "http://www.w3.org/TR/xhtml1/DTD/xhtml1-transitional.dtd">
<html xmlns="http://www.w3.org/1999/xhtml" xml:lang="en" lang="en">
 <head>
  <title>
</title>
<meta http-equiv="Content-Type" content="text/html;charset=utf-8" />
  <meta name='ocr-system' content='tesseract 3.04.00' />
  <meta name='ocr-capabilities' content='ocr_page ocr_carea ocr_par ocr_line ocrx_word'/>
</head>
<body>
  <div class='ocr_page' id='page_1' title='image "./qseptimiflorenti00tert_0090.png"; bbox 0 0 1975 3306; ppageno 0'>
   <div class='ocr_carea' id='block_1_1' title="bbox 323 205 1304 249">
    <p class='ocr_par' dir='ltr' id='par_1_1' title="bbox 323 205 1304 249">
     <span class='ocr_line' id='line_1_1' title="bbox 323 205 1304 249; baseline -0.003 0"><span class='ocrx_word' id='word_1_1' title='bbox 323 209 375 249; x_wconf 89' lang='lat'>66</span> <span class='ocrx_word' id='word_1_2' title='bbox 899 205 1304 247; x_wconf 86' lang='lat' dir='ltr'><strong>TERTVLLIANI</strong></span> 
     </span>
    </p>
   </div>
   <div class='ocr_carea' id='block_1_2' title="bbox 317 318 1947 1237">
    <p class='ocr_par' dir='ltr' id='par_1_2' title="bbox 317 318 1947 1237">
     <span class='ocr_line' id='line_1_2' title="bbox 323 318 1880 377; baseline -0.002 -14"><span class='ocrx_word' id='word_1_3' title='bbox 323 322 442 377; x_wconf 93' lang='lat' dir='ltr'>quod</span> <span class='ocrx_word' id='word_1_4' title='bbox 485 328 530 363; x_wconf 93' lang='lat' dir='ltr'>et</span> <span class='ocrx_word' id='word_1_5' title='bbox 571 322 778 363; x_wconf 76' lang='lat' dir='ltr'>monstris</span> <span class='ocrx_word' id='word_1_6' title='bbox 821 326 865 363; x_wconf 92' lang='lat' dir='ltr'>et</span> <span class='ocrx_word' id='word_1_7' title='bbox 906 320 1124 376; x_wconf 89' lang='lat' dir='ltr'>portentis</span> <span class='ocrx_word' id='word_1_8' title='bbox 1164 319 1434 362; x_wconf 71' lang='lat' dir='ltr'>naturalium</span> <span class='ocrx_word' id='word_1_9' title='bbox 1476 319 1617 361; x_wconf 82' lang='lat' dir='ltr'>forma</span> <span class='ocrx_word' id='word_1_10' title='bbox 1660 318 1880 369; x_wconf 85' lang='lat' dir='ltr'>turbatur,</span> 
     </span>
     <span class='ocr_line' id='line_1_3' title="bbox 323 396 1882 455; baseline -0.001 -15"><span class='ocrx_word' id='word_1_11' title='bbox 323 400 607 455; x_wconf 89' lang='lat' dir='ltr'>prouidenter</span> <span class='ocrx_word' id='word_1_12' title='bbox 655 400 820 455; x_wconf 89' lang='lat' dir='ltr'>scripta</span> <span class='ocrx_word' id='word_1_13' title='bbox 868 404 988 441; x_wconf 87' lang='lat' dir='ltr'>sunt.</span> <span class='ocrx_word' id='word_1_14' title='bbox 1060 398 1179 440; x_wconf 90' lang='lat' dir='ltr'>Dum</span> <span class='ocrx_word' id='word_1_15' title='bbox 1228 398 1440 454; x_wconf 87' lang='lat' dir='ltr'>patimur,</span> <span class='ocrx_word' id='word_1_16' title='bbox 1485 397 1713 455; x_wconf 76' lang='lat' dir='ltr'>leguntur,</span> <span class='ocrx_word' id='word_1_17' title='bbox 1775 396 1882 439; x_wconf 91' lang='lat' dir='ltr'>dum</span> 
     </span>
     <span class='ocr_line' id='line_1_4' title="bbox 321 477 1882 534; baseline -0.002 -14"><span class='ocrx_word' id='word_1_18' title='bbox 321 479 682 534; x_wconf 79' lang='lat' dir='ltr'>recognoscimus,</span> <span class='ocrx_word' id='word_1_19' title='bbox 734 479 992 534; x_wconf 74' lang='lat' dir='ltr'>probantur.</span> <span class='ocrx_word' id='word_1_20' title='bbox 1076 478 1306 528; x_wconf 89' lang='lat' dir='ltr'>Idoneum‚</span> <span class='ocrx_word' id='word_1_21' title='bbox 1357 477 1523 533; x_wconf 88' lang='lat' dir='ltr'>opinor,</span> <span class='ocrx_word' id='word_1_22' title='bbox 1580 477 1882 520; x_wconf 88' lang='lat' dir='ltr'>testimonium</span> 
     </span>
     <span class='ocr_line' id='line_1_5' title="bbox 323 555 1881 612; baseline -0.001 -14"><span class='ocrx_word' id='word_1_23' title='bbox 323 556 570 598; x_wconf 87' lang='lat' dir='ltr'>diuinitatis</span> <span class='ocrx_word' id='word_1_24' title='bbox 605 557 768 598; x_wconf 89' lang='lat' dir='ltr'>ueritas</span> <span class='ocrx_word' id='word_1_25' title='bbox 804 556 1102 598; x_wconf 88' lang='lat' dir='ltr'>diuinationis.</span> <span class='ocrx_word' id='word_1_26' title='bbox 1177 556 1293 597; x_wconf 92' lang='lat' dir='ltr'>Hinc</span> <span class='ocrx_word' id='word_1_27' title='bbox 1327 556 1461 612; x_wconf 92' lang='lat' dir='ltr'>igitur</span> <span class='ocrx_word' id='word_1_28' title='bbox 1495 556 1614 611; x_wconf 90' lang='lat' dir='ltr'>apud</span> <span class='ocrx_word' id='word_1_29' title='bbox 1649 570 1728 597; x_wconf 91' lang='lat' dir='ltr'>nos</span> <span class='ocrx_word' id='word_1_30' title='bbox 1763 555 1881 596; x_wconf 91' lang='lat' dir='ltr'>futu-</span> 
     </span>
     <span class='ocr_line' id='line_1_6' title="bbox 322 633 1922 690; baseline -0.001 -15"><span class='ocrx_word' id='word_1_31' title='bbox 322 649 469 676; x_wconf 90' lang='lat' dir='ltr'>rorum</span> <span class='ocrx_word' id='word_1_32' title='bbox 492 649 668 690; x_wconf 90' lang='lat' dir='ltr'>quoque</span> <span class='ocrx_word' id='word_1_33' title='bbox 688 635 796 676; x_wconf 93' lang='lat' dir='ltr'>fides</span> <span class='ocrx_word' id='word_1_34' title='bbox 818 640 918 676; x_wconf 87' lang='lat' dir='ltr'>tuta</span> <span class='ocrx_word' id='word_1_35' title='bbox 941 639 1018 684; x_wconf 92' lang='lat' dir='ltr'>est,</span> <span class='ocrx_word' id='word_1_36' title='bbox 1039 634 1127 675; x_wconf 88' lang='lat' dir='ltr'>iam</span> <span class='ocrx_word' id='word_1_37' title='bbox 1149 633 1313 675; x_wconf 89' lang='lat' dir='ltr'>scilicet</span> <span class='ocrx_word' id='word_1_38' title='bbox 1336 634 1636 689; x_wconf 87' lang='lat' dir='ltr'>probatorum,</span> <span class='ocrx_word' id='word_1_39' title='bbox 1656 634 1758 688; x_wconf 87' lang='lat' dir='ltr'>quia</span> <span class='ocrx_word' id='word_1_40' title='bbox 1782 647 1882 674; x_wconf 88' lang='lat' dir='ltr'>cum</span> <span class='ocrx_word' id='word_1_41' title='bbox 1902 643 1922 675; x_wconf 91' lang='grc'><strong><em>5</em></strong></span> 
     </span>
     <span class='ocr_line' id='line_1_7' title="bbox 320 711 1882 768; baseline -0.002 -14"><span class='ocrx_word' id='word_1_42' title='bbox 320 712 415 762; x_wconf 85' lang='grc'>11118,</span> <span class='ocrx_word' id='word_1_43' title='bbox 453 727 566 767; x_wconf 91' lang='lat' dir='ltr'>quae</span> <span class='ocrx_word' id='word_1_44' title='bbox 600 713 760 754; x_wconf 76' lang='lat' dir='ltr'>cotidie</span> <span class='ocrx_word' id='word_1_45' title='bbox 793 712 1051 768; x_wconf 77' lang='lat' dir='ltr'>probantur,</span> <span class='ocrx_word' id='word_1_46' title='bbox 1087 711 1465 767; x_wconf 82' lang='lat' dir='ltr'>praedicebantur.</span> <span class='ocrx_word' id='word_1_47' title='bbox 1526 711 1720 752; x_wconf 88' lang='lat' dir='ltr'>Eaedem</span> <span class='ocrx_word' id='word_1_48' title='bbox 1752 724 1882 752; x_wconf 91' lang='lat' dir='ltr'>uoces</span> 
     </span>
     <span class='ocr_line' id='line_1_8' title="bbox 321 789 1881 844; baseline -0.001 -14"><span class='ocrx_word' id='word_1_49' title='bbox 321 796 493 841; x_wconf 88' lang='lat' dir='ltr'>sonant,</span> <span class='ocrx_word' id='word_1_50' title='bbox 535 791 712 832; x_wconf 88' lang='lat' dir='ltr'>eaedem</span> <span class='ocrx_word' id='word_1_51' title='bbox 750 791 923 832; x_wconf 88' lang='lat' dir='ltr'>litterae</span> <span class='ocrx_word' id='word_1_52' title='bbox 960 795 1133 839; x_wconf 87' lang='lat' dir='ltr'>notant,</span> <span class='ocrx_word' id='word_1_53' title='bbox 1172 789 1290 830; x_wconf 87' lang='lat' dir='ltr'>idem</span> <span class='ocrx_word' id='word_1_54' title='bbox 1327 789 1506 844; x_wconf 90' lang='lat' dir='ltr'>spiritus</span> <span class='ocrx_word' id='word_1_55' title='bbox 1543 789 1703 844; x_wconf 88' lang='lat' dir='ltr'>pulsat,</span> <span class='ocrx_word' id='word_1_56' title='bbox 1743 802 1881 830; x_wconf 92' lang='lat' dir='ltr'>unum</span> 
     </span>
     <span class='ocr_line' id='line_1_9' title="bbox 320 866 1880 923; baseline -0.001 -15"><span class='ocrx_word' id='word_1_57' title='bbox 320 873 495 923; x_wconf 91' lang='lat' dir='ltr'>tempus</span> <span class='ocrx_word' id='word_1_58' title='bbox 535 874 602 910; x_wconf 90' lang='lat' dir='ltr'>est</span> <span class='ocrx_word' id='word_1_59' title='bbox 639 868 901 910; x_wconf 80' lang='lat' dir='ltr'>diuinationi</span> <span class='ocrx_word' id='word_1_60' title='bbox 940 868 1091 909; x_wconf 90' lang='lat' dir='ltr'>futura</span> <span class='ocrx_word' id='word_1_61' title='bbox 1130 867 1362 923; x_wconf 80' lang='lat' dir='ltr'>praefanti.</span> <span class='ocrx_word' id='word_1_62' title='bbox 1423 867 1556 922; x_wconf 89' lang='lat' dir='ltr'>Apud</span> <span class='ocrx_word' id='word_1_63' title='bbox 1595 866 1804 916; x_wconf 90' lang='lat' dir='ltr'>homines,</span> <span class='ocrx_word' id='word_1_64' title='bbox 1845 866 1880 907; x_wconf 92' lang='lat' dir='ltr'>si</span> 
     </span>
     <span class='ocr_line' id='line_1_10' title="bbox 319 945 1876 1003; baseline 0 -17"><span class='ocrx_word' id='word_1_65' title='bbox 319 945 445 997; x_wconf 86' lang='lat' dir='ltr'>forte,</span> <span class='ocrx_word' id='word_1_66' title='bbox 478 946 776 1003; x_wconf 79' lang='lat' dir='ltr'>distinguitur,</span> <span class='ocrx_word' id='word_1_67' title='bbox 809 947 915 988; x_wconf 90' lang='lat' dir='ltr'>dum</span> <span class='ocrx_word' id='word_1_68' title='bbox 947 946 1225 1002; x_wconf 79' lang='lat' dir='ltr'>expungitur,</span> <span class='ocrx_word' id='word_1_69' title='bbox 1259 946 1365 987; x_wconf 91' lang='lat' dir='ltr'>dum</span> <span class='ocrx_word' id='word_1_70' title='bbox 1396 960 1450 987; x_wconf 82' lang='lat' dir='ltr'>ex</span> <span class='ocrx_word' id='word_1_71' title='bbox 1479 945 1629 987; x_wconf 90' lang='lat' dir='ltr'>futuro</span> <span class='ocrx_word' id='word_1_72' title='bbox 1660 959 1876 1000; x_wconf 87' lang='lat' dir='ltr'>praesens,</span> 
     </span>
     <span class='ocr_line' id='line_1_11' title="bbox 319 1023 1947 1080; baseline -0.001 -15"><span class='ocrx_word' id='word_1_73' title='bbox 319 1023 476 1065; x_wconf 92' lang='lat' dir='ltr'>dehinc</span> <span class='ocrx_word' id='word_1_74' title='bbox 531 1039 584 1066; x_wconf 83' lang='lat' dir='ltr'>ex</span> <span class='ocrx_word' id='word_1_75' title='bbox 640 1025 858 1080; x_wconf 89' lang='lat' dir='ltr'>praesenti</span> <span class='ocrx_word' id='word_1_76' title='bbox 914 1025 1202 1080; x_wconf 88' lang='lat' dir='ltr'>praeteritum</span> <span class='ocrx_word' id='word_1_77' title='bbox 1258 1024 1511 1080; x_wconf 91' lang='lat' dir='ltr'>deputatur.</span> <span class='ocrx_word' id='word_1_78' title='bbox 1574 1024 1689 1074; x_wconf 83' lang='lat' dir='ltr'>Quid</span> <span class='ocrx_word' id='word_1_79' title='bbox 1744 1023 1878 1065; x_wconf 90' lang='lat' dir='ltr'>delin-</span> <span class='ocrx_word' id='word_1_80' title='bbox 1902 1039 1947 1063; x_wconf 92' lang='lat'>10</span> 
     </span>
     <span class='ocr_line' id='line_1_12' title="bbox 319 1101 1879 1158; baseline 0 -15"><span class='ocrx_word' id='word_1_81' title='bbox 319 1102 506 1157; x_wconf 86' lang='lat' dir='ltr'>quimus,</span> <span class='ocrx_word' id='word_1_82' title='bbox 539 1117 614 1144; x_wconf 91' lang='lat' dir='ltr'>oro</span> <span class='ocrx_word' id='word_1_83' title='bbox 643 1117 735 1153; x_wconf 90' lang='lat' dir='ltr'>uos,</span> <span class='ocrx_word' id='word_1_84' title='bbox 768 1102 919 1144; x_wconf 88' lang='lat' dir='ltr'>futura</span> <span class='ocrx_word' id='word_1_85' title='bbox 949 1116 1125 1158; x_wconf 91' lang='lat' dir='ltr'>quoque</span> <span class='ocrx_word' id='word_1_86' title='bbox 1154 1101 1392 1152; x_wconf 89' lang='lat' dir='ltr'>credentes,</span> <span class='ocrx_word' id='word_1_87' title='bbox 1425 1102 1499 1157; x_wconf 91' lang='lat' dir='ltr'>qui</span> <span class='ocrx_word' id='word_1_88' title='bbox 1528 1102 1617 1143; x_wconf 89' lang='lat' dir='ltr'>iam</span> <span class='ocrx_word' id='word_1_89' title='bbox 1647 1101 1879 1143; x_wconf 90' lang='lat' dir='ltr'>didicimus</span> 
     </span>
     <span class='ocr_line' id='line_1_13' title="bbox 317 1180 1045 1237; baseline 0.001 -16"><span class='ocrx_word' id='word_1_90' title='bbox 317 1180 376 1221; x_wconf 92' lang='lat' dir='ltr'>illi</span> <span class='ocrx_word' id='word_1_91' title='bbox 408 1194 484 1235; x_wconf 91' lang='lat' dir='ltr'>per</span> <span class='ocrx_word' id='word_1_92' title='bbox 514 1181 625 1223; x_wconf 93' lang='lat' dir='ltr'>duos</span> <span class='ocrx_word' id='word_1_93' title='bbox 653 1181 815 1237; x_wconf 89' lang='lat' dir='ltr'>gradus</span> <span class='ocrx_word' id='word_1_94' title='bbox 845 1181 1045 1223; x_wconf 65' lang='lat' dir='ltr'>credere?</span> 
     </span>
    </p>
   </div>
   <div class='ocr_carea' id='block_1_3' title="bbox 314 1311 1942 2942">
    <p class='ocr_par' dir='ltr' id='par_1_3' title="bbox 314 1311 1942 2942">
     <span class='ocr_line' id='line_1_14' title="bbox 400 1311 1876 1367; baseline 0.001 -14"><span class='ocrx_word' id='word_1_95' title='bbox 400 1311 475 1353; x_wconf 87' lang='grc'>21.</span> <span class='ocrx_word' id='word_1_96' title='bbox 535 1312 620 1354; x_wconf 83' lang='lat' dir='ltr'>Sed</span> <span class='ocrx_word' id='word_1_97' title='bbox 657 1312 866 1367; x_wconf 88' lang='lat' dir='ltr'>quoniam</span> <span class='ocrx_word' id='word_1_98' title='bbox 905 1312 1121 1353; x_wconf 90' lang='lat' dir='ltr'>edidimus</span> <span class='ocrx_word' id='word_1_99' title='bbox 1157 1312 1474 1367; x_wconf 85' lang='lat' dir='ltr'>antiquissimis</span> <span class='ocrx_word' id='word_1_100' title='bbox 1511 1312 1776 1354; x_wconf 89' lang='lat' dir='ltr'>Iudaeorum</span> <span class='ocrx_word' id='word_1_101' title='bbox 1813 1313 1876 1354; x_wconf 90' lang='lat' dir='ltr'>in-</span> 
     </span>
     <span class='ocr_line' id='line_1_15' title="bbox 316 1387 1876 1443; baseline 0.001 -15"><span class='ocrx_word' id='word_1_102' title='bbox 316 1387 572 1429; x_wconf 86' lang='lat' dir='ltr'>strumentis</span> <span class='ocrx_word' id='word_1_103' title='bbox 626 1392 792 1429; x_wconf 83' lang='lat' dir='ltr'>sectam</span> <span class='ocrx_word' id='word_1_104' title='bbox 845 1388 978 1429; x_wconf 86' lang='lat' dir='ltr'>istam</span> <span class='ocrx_word' id='word_1_105' title='bbox 1032 1401 1123 1429; x_wconf 90' lang='lat' dir='ltr'>esse</span> <span class='ocrx_word' id='word_1_106' title='bbox 1177 1387 1405 1429; x_wconf 83' lang='lat' dir='ltr'>suffultam</span> <span class='ocrx_word' id='word_1_107' title='bbox 1460 1402 1594 1443; x_wconf 90' lang='lat' dir='ltr'>quam</span> <span class='ocrx_word' id='word_1_108' title='bbox 1648 1388 1876 1443; x_wconf 90' lang='lat' dir='ltr'>aliquanto</span> 
     </span>
     <span class='ocr_line' id='line_1_16' title="bbox 315 1462 1942 1518; baseline -0.001 -15"><span class='ocrx_word' id='word_1_109' title='bbox 315 1462 548 1512; x_wconf 87' lang='lat' dir='ltr'>nouellam,</span> <span class='ocrx_word' id='word_1_110' title='bbox 579 1468 630 1504; x_wconf 91' lang='lat' dir='ltr'>ut</span> <span class='ocrx_word' id='word_1_111' title='bbox 658 1462 875 1504; x_wconf 88' lang='lat' dir='ltr'>Tiberiani</span> <span class='ocrx_word' id='word_1_112' title='bbox 904 1463 1127 1518; x_wconf 85' lang='lat' dir='ltr'>temporis,</span> <span class='ocrx_word' id='word_1_113' title='bbox 1158 1463 1352 1518; x_wconf 88' lang='lat' dir='ltr'>plerique</span> <span class='ocrx_word' id='word_1_114' title='bbox 1379 1463 1537 1513; x_wconf 90' lang='lat' dir='ltr'>sciunt,</span> <span class='ocrx_word' id='word_1_115' title='bbox 1567 1463 1877 1518; x_wconf 89' lang='lat' dir='ltr'>profitentibus</span> <span class='ocrx_word' id='word_1_116' title='bbox 1899 1478 1942 1512; x_wconf 85' lang='lat'>15</span> 
     </span>
     <span class='ocr_line' id='line_1_17' title="bbox 316 1537 1873 1593; baseline 0.001 -15"><span class='ocrx_word' id='word_1_117' title='bbox 316 1537 442 1579; x_wconf 90' lang='lat' dir='ltr'>nobis</span> <span class='ocrx_word' id='word_1_118' title='bbox 467 1552 654 1593; x_wconf 91' lang='lat' dir='ltr'>quoque,</span> <span class='ocrx_word' id='word_1_119' title='bbox 681 1538 926 1579; x_wconf 77' lang='lat' dir='ltr'>fortassean</span> <span class='ocrx_word' id='word_1_120' title='bbox 951 1538 1033 1579; x_wconf 90' lang='lat' dir='ltr'>hoc</span> <span class='ocrx_word' id='word_1_121' title='bbox 1056 1538 1233 1579; x_wconf 90' lang='lat' dir='ltr'>nomine</span> <span class='ocrx_word' id='word_1_122' title='bbox 1257 1538 1311 1579; x_wconf 92' lang='lat' dir='ltr'>de</span> <span class='ocrx_word' id='word_1_123' title='bbox 1335 1543 1458 1580; x_wconf 88' lang='lat' dir='ltr'>statu</span> <span class='ocrx_word' id='word_1_124' title='bbox 1482 1538 1573 1580; x_wconf 90' lang='lat' dir='ltr'>eius</span> <span class='ocrx_word' id='word_1_125' title='bbox 1597 1543 1873 1590; x_wconf 88' lang='lat' dir='ltr'>retractetur,</span> 
     </span>
     <span class='ocr_line' id='line_1_18' title="bbox 316 1611 1873 1669; baseline 0.001 -16"><span class='ocrx_word' id='word_1_126' title='bbox 316 1612 441 1667; x_wconf 87' lang='lat' dir='ltr'>quasi</span> <span class='ocrx_word' id='word_1_127' title='bbox 487 1611 568 1654; x_wconf 92' lang='lat' dir='ltr'>sub</span> <span class='ocrx_word' id='word_1_128' title='bbox 614 1612 870 1654; x_wconf 91' lang='lat' dir='ltr'>umbraculo</span> <span class='ocrx_word' id='word_1_129' title='bbox 915 1613 1233 1668; x_wconf 87' lang='lat' dir='ltr'>insignissimae</span> <span class='ocrx_word' id='word_1_130' title='bbox 1278 1613 1506 1669; x_wconf 89' lang='lat' dir='ltr'>religionis,</span> <span class='ocrx_word' id='word_1_131' title='bbox 1555 1618 1671 1654; x_wconf 90' lang='lat' dir='ltr'>certe</span> <span class='ocrx_word' id='word_1_132' title='bbox 1715 1613 1873 1665; x_wconf 87' lang='lat' dir='ltr'>licitae,</span> 
     </span>
     <span class='ocr_line' id='line_1_19' title="bbox 316 1687 1876 1744; baseline 0.002 -17"><span class='ocrx_word' id='word_1_133' title='bbox 316 1687 482 1742; x_wconf 90' lang='lat' dir='ltr'>aliquid</span> <span class='ocrx_word' id='word_1_134' title='bbox 518 1688 719 1742; x_wconf 90' lang='lat' dir='ltr'>propriae</span> <span class='ocrx_word' id='word_1_135' title='bbox 755 1688 1125 1743; x_wconf 90' lang='lat' dir='ltr'>praesumptionis</span> <span class='ocrx_word' id='word_1_136' title='bbox 1161 1687 1418 1738; x_wconf 87' lang='lat' dir='ltr'>abscondat,</span> <span class='ocrx_word' id='word_1_137' title='bbox 1457 1689 1526 1730; x_wconf 92' lang='lat' dir='ltr'>uel</span> <span class='ocrx_word' id='word_1_138' title='bbox 1563 1689 1666 1744; x_wconf 92' lang='lat' dir='ltr'>quia</span> <span class='ocrx_word' id='word_1_139' title='bbox 1703 1693 1876 1744; x_wconf 90' lang='lat' dir='ltr'>praeter</span> 
     </span>
     <span class='ocr_line' id='line_1_20' title="bbox 317 1763 1876 1818; baseline 0.001 -14"><span class='ocrx_word' id='word_1_140' title='bbox 317 1768 510 1804; x_wconf 89' lang='lat' dir='ltr'>aetatem</span> <span class='ocrx_word' id='word_1_141' title='bbox 531 1777 673 1818; x_wconf 90' lang='lat' dir='ltr'>neque</span> <span class='ocrx_word' id='word_1_142' title='bbox 694 1763 748 1804; x_wconf 92' lang='lat' dir='ltr'>de</span> <span class='ocrx_word' id='word_1_143' title='bbox 768 1763 914 1804; x_wconf 89' lang='lat' dir='ltr'>uictus</span> <span class='ocrx_word' id='word_1_144' title='bbox 935 1763 1266 1818; x_wconf 82' lang='lat' dir='ltr'>exceptionibus</span> <span class='ocrx_word' id='word_1_145' title='bbox 1286 1777 1427 1818; x_wconf 91' lang='lat' dir='ltr'>neque</span> <span class='ocrx_word' id='word_1_146' title='bbox 1448 1764 1502 1805; x_wconf 89' lang='lat' dir='ltr'>de</span> <span class='ocrx_word' id='word_1_147' title='bbox 1522 1763 1876 1805; x_wconf 88' lang='lat' dir='ltr'>solemnitatibus</span> 
     </span>
     <span class='ocr_line' id='line_1_21' title="bbox 315 1837 1942 1894; baseline 0 -15"><span class='ocrx_word' id='word_1_148' title='bbox 315 1837 484 1879; x_wconf 89' lang='lat' dir='ltr'>dierum</span> <span class='ocrx_word' id='word_1_149' title='bbox 518 1852 660 1893; x_wconf 90' lang='lat' dir='ltr'>neque</span> <span class='ocrx_word' id='word_1_150' title='bbox 694 1838 748 1879; x_wconf 94' lang='lat' dir='ltr'>de</span> <span class='ocrx_word' id='word_1_151' title='bbox 781 1839 876 1893; x_wconf 93' lang='lat' dir='ltr'>ipso</span> <span class='ocrx_word' id='word_1_152' title='bbox 910 1838 1132 1894; x_wconf 87' lang='lat' dir='ltr'>signaculo</span> <span class='ocrx_word' id='word_1_153' title='bbox 1168 1839 1359 1894; x_wconf 89' lang='lat' dir='ltr'>corporis</span> <span class='ocrx_word' id='word_1_154' title='bbox 1392 1853 1534 1894; x_wconf 91' lang='lat' dir='ltr'>neque</span> <span class='ocrx_word' id='word_1_155' title='bbox 1568 1839 1622 1880; x_wconf 91' lang='lat' dir='ltr'>de</span> <span class='ocrx_word' id='word_1_156' title='bbox 1656 1840 1874 1881; x_wconf 90' lang='lat' dir='ltr'>consortio</span> <span class='ocrx_word' id='word_1_157' title='bbox 1896 1856 1942 1880; x_wconf 86' lang='lat'>20</span> 
     </span>
     <span class='ocr_line' id='line_1_22' title="bbox 314 1912 1874 1969; baseline 0.002 -16"><span class='ocrx_word' id='word_1_158' title='bbox 314 1913 503 1954; x_wconf 89' lang='lat' dir='ltr'>nominis</span> <span class='ocrx_word' id='word_1_159' title='bbox 520 1927 618 1954; x_wconf 91' lang='lat' dir='ltr'>cum</span> <span class='ocrx_word' id='word_1_160' title='bbox 637 1912 813 1954; x_wconf 90' lang='lat' dir='ltr'>Iudaeis</span> <span class='ocrx_word' id='word_1_161' title='bbox 828 1913 1011 1968; x_wconf 89' lang='lat' dir='ltr'>agimus,</span> <span class='ocrx_word' id='word_1_162' title='bbox 1030 1913 1148 1969; x_wconf 87' lang='lat' dir='ltr'>quod</span> <span class='ocrx_word' id='word_1_163' title='bbox 1169 1913 1325 1968; x_wconf 90' lang='lat' dir='ltr'>utique</span> <span class='ocrx_word' id='word_1_164' title='bbox 1341 1919 1564 1969; x_wconf 90' lang='lat' dir='ltr'>oporteret</span> <span class='ocrx_word' id='word_1_165' title='bbox 1580 1914 1614 1955; x_wconf 93' lang='lat' dir='ltr'>si</span> <span class='ocrx_word' id='word_1_166' title='bbox 1631 1915 1771 1956; x_wconf 91' lang='lat' dir='ltr'>eidem</span> <span class='ocrx_word' id='word_1_167' title='bbox 1793 1915 1874 1957; x_wconf 93' lang='lat' dir='ltr'>deo</span> 
     </span>
     <span class='ocr_line' id='line_1_23' title="bbox 316 1987 1873 2044; baseline 0.002 -16"><span class='ocrx_word' id='word_1_168' title='bbox 316 1988 693 2043; x_wconf 65' lang='lat' dir='ltr'>manciparemur?</span> <span class='ocrx_word' id='word_1_169' title='bbox 756 1987 840 2029; x_wconf 80' lang='lat' dir='ltr'>Sed</span> <span class='ocrx_word' id='word_1_170' title='bbox 865 1994 909 2029; x_wconf 93' lang='lat' dir='ltr'>et</span> <span class='ocrx_word' id='word_1_171' title='bbox 931 1988 1089 2044; x_wconf 89' lang='lat' dir='ltr'>uulgus</span> <span class='ocrx_word' id='word_1_172' title='bbox 1110 1988 1198 2029; x_wconf 90' lang='lat' dir='ltr'>iam</span> <span class='ocrx_word' id='word_1_173' title='bbox 1222 1989 1305 2030; x_wconf 90' lang='lat' dir='ltr'>scit</span> <span class='ocrx_word' id='word_1_174' title='bbox 1327 1988 1548 2030; x_wconf 83' lang='lat' dir='ltr'>Christum</span> <span class='ocrx_word' id='word_1_175' title='bbox 1572 1995 1623 2031; x_wconf 92' lang='lat' dir='ltr'>ut</span> <span class='ocrx_word' id='word_1_176' title='bbox 1647 1990 1873 2032; x_wconf 90' lang='lat' dir='ltr'>hominum</span> 
     </span>
     <span class='ocr_line' id='line_1_24' title="bbox 315 2063 1874 2120; baseline 0.002 -16"><span class='ocrx_word' id='word_1_177' title='bbox 315 2063 519 2118; x_wconf 84' lang='lat' dir='ltr'>aliquem,</span> <span class='ocrx_word' id='word_1_178' title='bbox 561 2063 735 2118; x_wconf 89' lang='lat' dir='ltr'>qualem</span> <span class='ocrx_word' id='word_1_179' title='bbox 774 2063 927 2104; x_wconf 90' lang='lat' dir='ltr'>Iudaei</span> <span class='ocrx_word' id='word_1_180' title='bbox 965 2063 1285 2114; x_wconf 87' lang='lat' dir='ltr'>iudicauerunt,</span> <span class='ocrx_word' id='word_1_181' title='bbox 1327 2078 1413 2119; x_wconf 91' lang='lat' dir='ltr'>quo</span> <span class='ocrx_word' id='word_1_182' title='bbox 1453 2064 1622 2106; x_wconf 74' lang='lat' dir='ltr'>facilius</span> <span class='ocrx_word' id='word_1_183' title='bbox 1660 2065 1757 2120; x_wconf 91' lang='lat' dir='ltr'>quis</span> <span class='ocrx_word' id='word_1_184' title='bbox 1794 2080 1874 2108; x_wconf 91' lang='lat' dir='ltr'>nos</span> 
     </span>
     <span class='ocr_line' id='line_1_25' title="bbox 316 2137 1872 2194; baseline 0.003 -16"><span class='ocrx_word' id='word_1_185' title='bbox 316 2137 502 2179; x_wconf 88' lang='lat' dir='ltr'>hominis</span> <span class='ocrx_word' id='word_1_186' title='bbox 552 2138 740 2179; x_wconf 88' lang='lat' dir='ltr'>cultores</span> <span class='ocrx_word' id='word_1_187' title='bbox 789 2138 1120 2179; x_wconf 80' lang='lat' dir='ltr'>existimauerit.</span> <span class='ocrx_word' id='word_1_188' title='bbox 1197 2138 1359 2180; x_wconf 89' lang='lat' dir='ltr'>Verum</span> <span class='ocrx_word' id='word_1_189' title='bbox 1408 2153 1549 2194; x_wconf 90' lang='lat' dir='ltr'>neque</span> <span class='ocrx_word' id='word_1_190' title='bbox 1598 2140 1652 2181; x_wconf 95' lang='lat' dir='ltr'>de</span> <span class='ocrx_word' id='word_1_191' title='bbox 1701 2140 1872 2182; x_wconf 84' lang='lat' dir='ltr'>Christo</span> 
     </span>
     <span class='ocr_line' id='line_1_26' title="bbox 315 2212 1937 2268; baseline 0.002 -15"><span class='ocrx_word' id='word_1_192' title='bbox 315 2212 621 2263; x_wconf 88' lang='lat' dir='ltr'>erubescimus,</span> <span class='ocrx_word' id='word_1_193' title='bbox 650 2227 749 2254; x_wconf 91' lang='lat' dir='ltr'>cum</span> <span class='ocrx_word' id='word_1_194' title='bbox 777 2213 857 2254; x_wconf 91' lang='lat' dir='ltr'>sub</span> <span class='ocrx_word' id='word_1_195' title='bbox 885 2213 1060 2254; x_wconf 86' lang='lat' dir='ltr'>nomine</span> <span class='ocrx_word' id='word_1_196' title='bbox 1087 2213 1178 2254; x_wconf 90' lang='lat' dir='ltr'>eius</span> <span class='ocrx_word' id='word_1_197' title='bbox 1204 2213 1407 2268; x_wconf 87' lang='lat' dir='ltr'>deputari</span> <span class='ocrx_word' id='word_1_198' title='bbox 1435 2220 1479 2256; x_wconf 93' lang='lat' dir='ltr'>et</span> <span class='ocrx_word' id='word_1_199' title='bbox 1505 2214 1704 2256; x_wconf 89' lang='lat' dir='ltr'>damnari</span> <span class='ocrx_word' id='word_1_200' title='bbox 1729 2215 1870 2267; x_wconf 88' lang='lat' dir='ltr'>iuuat,</span> <span class='ocrx_word' id='word_1_201' title='bbox 1893 2232 1937 2265; x_wconf 85' lang='lat'>25</span> 
     </span>
     <span class='ocr_line' id='line_1_27' title="bbox 315 2286 1873 2344; baseline 0.002 -16"><span class='ocrx_word' id='word_1_202' title='bbox 315 2301 457 2342; x_wconf 89' lang='lat' dir='ltr'>neque</span> <span class='ocrx_word' id='word_1_203' title='bbox 480 2287 533 2328; x_wconf 92' lang='lat' dir='ltr'>de</span> <span class='ocrx_word' id='word_1_204' title='bbox 557 2287 638 2328; x_wconf 93' lang='lat' dir='ltr'>deo</span> <span class='ocrx_word' id='word_1_205' title='bbox 662 2288 788 2329; x_wconf 91' lang='lat' dir='ltr'>aliter</span> <span class='ocrx_word' id='word_1_206' title='bbox 810 2288 1142 2343; x_wconf 89' lang='lat' dir='ltr'>praesumimus.</span> <span class='ocrx_word' id='word_1_207' title='bbox 1204 2286 1388 2330; x_wconf 87' lang='lat' dir='ltr'>Necesse</span> <span class='ocrx_word' id='word_1_208' title='bbox 1412 2294 1478 2330; x_wconf 90' lang='lat' dir='ltr'>est</span> <span class='ocrx_word' id='word_1_209' title='bbox 1499 2289 1632 2344; x_wconf 87' lang='lat' dir='ltr'>igitur</span> <span class='ocrx_word' id='word_1_210' title='bbox 1654 2304 1795 2344; x_wconf 87' lang='lat' dir='ltr'>pauca</span> <span class='ocrx_word' id='word_1_211' title='bbox 1819 2289 1873 2331; x_wconf 92' lang='lat' dir='ltr'>de</span> 
     </span>
     <span class='ocr_line' id='line_1_28' title="bbox 317 2361 1873 2419; baseline 0.002 -17"><span class='ocrx_word' id='word_1_212' title='bbox 317 2361 487 2403; x_wconf 82' lang='lat' dir='ltr'>Christo</span> <span class='ocrx_word' id='word_1_213' title='bbox 512 2367 563 2403; x_wconf 94' lang='lat' dir='ltr'>ut</span> <span class='ocrx_word' id='word_1_214' title='bbox 586 2362 681 2403; x_wconf 91' lang='lat' dir='ltr'>deo.</span> <span class='ocrx_word' id='word_1_215' title='bbox 742 2362 923 2403; x_wconf 91' lang='lat' dir='ltr'>Dudum</span> <span class='ocrx_word' id='word_1_216' title='bbox 949 2363 1124 2413; x_wconf 85' lang='lat' dir='ltr'>Iudaeis</span> <span class='ocrx_word' id='word_1_217' title='bbox 1149 2369 1242 2404; x_wconf 92' lang='lat' dir='ltr'>erat</span> <span class='ocrx_word' id='word_1_218' title='bbox 1266 2363 1385 2418; x_wconf 87' lang='lat' dir='ltr'>apud</span> <span class='ocrx_word' id='word_1_219' title='bbox 1409 2364 1539 2405; x_wconf 89' lang='lat' dir='ltr'>deum</span> <span class='ocrx_word' id='word_1_220' title='bbox 1563 2364 1704 2419; x_wconf 87' lang='lat' dir='ltr'>gratia</span> <span class='ocrx_word' id='word_1_221' title='bbox 1728 2364 1803 2418; x_wconf 52' lang='lat' dir='ltr'>ubi</span> <span class='ocrx_word' id='word_1_222' title='bbox 1829 2370 1873 2406; x_wconf 92' lang='lat' dir='ltr'>et</span> 
     </span>
     <span class='ocr_line' id='line_1_29' title="bbox 314 2437 1874 2493; baseline 0.002 -16"><span class='ocrx_word' id='word_1_223' title='bbox 314 2437 493 2492; x_wconf 86' lang='lat' dir='ltr'>insignis</span> <span class='ocrx_word' id='word_1_224' title='bbox 526 2437 695 2479; x_wconf 87' lang='lat' dir='ltr'>iustitia</span> <span class='ocrx_word' id='word_1_225' title='bbox 731 2443 775 2479; x_wconf 93' lang='lat' dir='ltr'>et</span> <span class='ocrx_word' id='word_1_226' title='bbox 808 2437 915 2479; x_wconf 90' lang='lat' dir='ltr'>fides</span> <span class='ocrx_word' id='word_1_227' title='bbox 949 2438 1223 2493; x_wconf 86' lang='lat' dir='ltr'>originalium</span> <span class='ocrx_word' id='word_1_228' title='bbox 1257 2443 1511 2488; x_wconf 89' lang='lat' dir='ltr'>auctorum;</span> <span class='ocrx_word' id='word_1_229' title='bbox 1563 2438 1679 2480; x_wconf 90' lang='lat' dir='ltr'>unde</span> <span class='ocrx_word' id='word_1_230' title='bbox 1711 2438 1794 2480; x_wconf 87' lang='lat' dir='ltr'>illis</span> <span class='ocrx_word' id='word_1_231' title='bbox 1829 2444 1874 2482; x_wconf 91' lang='lat' dir='ltr'>et</span> 
     </span>
     <span class='ocr_line' id='line_1_30' title="bbox 314 2512 1868 2568; baseline 0.002 -16"><span class='ocrx_word' id='word_1_232' title='bbox 314 2512 480 2566; x_wconf 86' lang='lat' dir='ltr'>generis</span> <span class='ocrx_word' id='word_1_233' title='bbox 506 2513 764 2567; x_wconf 87' lang='lat' dir='ltr'>magnitudo</span> <span class='ocrx_word' id='word_1_234' title='bbox 791 2518 835 2554; x_wconf 91' lang='lat' dir='ltr'>et</span> <span class='ocrx_word' id='word_1_235' title='bbox 859 2513 978 2568; x_wconf 87' lang='lat' dir='ltr'>regni</span> <span class='ocrx_word' id='word_1_236' title='bbox 1003 2513 1251 2555; x_wconf 90' lang='lat' dir='ltr'>sublimitas</span> <span class='ocrx_word' id='word_1_237' title='bbox 1276 2513 1424 2555; x_wconf 88' lang='lat' dir='ltr'>floruit</span> <span class='ocrx_word' id='word_1_238' title='bbox 1449 2518 1494 2555; x_wconf 90' lang='lat' dir='ltr'>et</span> <span class='ocrx_word' id='word_1_239' title='bbox 1518 2519 1645 2555; x_wconf 90' lang='lat' dir='ltr'>tanta</span> <span class='ocrx_word' id='word_1_240' title='bbox 1671 2514 1868 2565; x_wconf 84' lang='lat' dir='ltr'>felicitas,</span> 
     </span>
     <span class='ocr_line' id='line_1_31' title="bbox 316 2586 1938 2644; baseline 0.003 -18"><span class='ocrx_word' id='word_1_241' title='bbox 316 2592 366 2627; x_wconf 90' lang='lat' dir='ltr'>ut</span> <span class='ocrx_word' id='word_1_242' title='bbox 393 2586 446 2626; x_wconf 90' lang='lat' dir='ltr'>de</span> <span class='ocrx_word' id='word_1_243' title='bbox 474 2586 542 2628; x_wconf 90' lang='lat' dir='ltr'>dei</span> <span class='ocrx_word' id='word_1_244' title='bbox 570 2587 765 2637; x_wconf 80' lang='lat' dir='ltr'>uocibus,</span> <span class='ocrx_word' id='word_1_245' title='bbox 796 2587 955 2642; x_wconf 90' lang='lat' dir='ltr'>quibus</span> <span class='ocrx_word' id='word_1_246' title='bbox 982 2588 1292 2638; x_wconf 88' lang='lat' dir='ltr'>edocebantur,</span> <span class='ocrx_word' id='word_1_247' title='bbox 1322 2588 1375 2630; x_wconf 89' lang='lat' dir='ltr'>de</span> <span class='ocrx_word' id='word_1_248' title='bbox 1403 2589 1689 2644; x_wconf 88' lang='lat' dir='ltr'>promerendo</span> <span class='ocrx_word' id='word_1_249' title='bbox 1717 2589 1798 2631; x_wconf 93' lang='lat' dir='ltr'>deo</span> <span class='ocrx_word' id='word_1_250' title='bbox 1827 2594 1872 2631; x_wconf 90' lang='lat' dir='ltr'>et</span> <span class='ocrx_word' id='word_1_251' title='bbox 1891 2604 1938 2637; x_wconf 90' lang='lat'>30</span> 
     </span>
     <span class='ocr_line' id='line_1_32' title="bbox 316 2661 1868 2718; baseline 0.003 -17"><span class='ocrx_word' id='word_1_252' title='bbox 316 2675 402 2701; x_wconf 89' lang='lat' dir='ltr'>non</span> <span class='ocrx_word' id='word_1_253' title='bbox 457 2661 718 2703; x_wconf 76' lang='lat' dir='ltr'>offendendo</span> <span class='ocrx_word' id='word_1_254' title='bbox 772 2668 1172 2717; x_wconf 87' lang='lat' dir='ltr'>praemonerentur.</span> <span class='ocrx_word' id='word_1_255' title='bbox 1233 2662 1317 2704; x_wconf 83' lang='lat' dir='ltr'>Sed</span> <span class='ocrx_word' id='word_1_256' title='bbox 1371 2668 1539 2718; x_wconf 88' lang='lat' dir='ltr'>quanta</span> <span class='ocrx_word' id='word_1_257' title='bbox 1593 2663 1868 2718; x_wconf 90' lang='lat' dir='ltr'>deliquerint,</span> 
     </span>
     <span class='ocr_line' id='line_1_33' title="bbox 316 2735 1870 2794; baseline 0.003 -18"><span class='ocrx_word' id='word_1_258' title='bbox 316 2735 474 2776; x_wconf 88' lang='lat' dir='ltr'>fiducia</span> <span class='ocrx_word' id='word_1_259' title='bbox 503 2741 680 2790; x_wconf 82' lang='lat' dir='ltr'>patrum</span> <span class='ocrx_word' id='word_1_260' title='bbox 707 2736 848 2778; x_wconf 89' lang='lat' dir='ltr'>infiati</span> <span class='ocrx_word' id='word_1_261' title='bbox 877 2737 933 2778; x_wconf 90' lang='lat' dir='ltr'>ad</span> <span class='ocrx_word' id='word_1_262' title='bbox 961 2737 1282 2785; x_wconf 87' lang='lat' dir='ltr'>declinandum,</span> <span class='ocrx_word' id='word_1_263' title='bbox 1313 2737 1562 2779; x_wconf 88' lang='lat' dir='ltr'>deriuantes</span> <span class='ocrx_word' id='word_1_264' title='bbox 1589 2752 1615 2779; x_wconf 90' lang='lat' dir='ltr'>a</span> <span class='ocrx_word' id='word_1_265' title='bbox 1642 2738 1870 2794; x_wconf 88' lang='lat' dir='ltr'>disciplina</span> 
     </span>
     <span class='ocr_line' id='line_1_34' title="bbox 315 2809 1870 2867; baseline 0.003 -18"><span class='ocrx_word' id='word_1_266' title='bbox 315 2809 360 2850; x_wconf 88' lang='lat' dir='ltr'>in</span> <span class='ocrx_word' id='word_1_267' title='bbox 379 2809 611 2863; x_wconf 89' lang='lat' dir='ltr'>profanum</span> <span class='ocrx_word' id='word_1_268' title='bbox 632 2810 825 2861; x_wconf 90' lang='lat' dir='ltr'>modum,</span> <span class='ocrx_word' id='word_1_269' title='bbox 848 2812 928 2852; x_wconf 90' lang='lat' dir='ltr'>etsi</span> <span class='ocrx_word' id='word_1_270' title='bbox 946 2811 1029 2866; x_wconf 91' lang='lat' dir='ltr'>ipsi</span> <span class='ocrx_word' id='word_1_271' title='bbox 1048 2826 1136 2853; x_wconf 89' lang='lat' dir='ltr'>non</span> <span class='ocrx_word' id='word_1_272' title='bbox 1155 2812 1479 2862; x_wconf 88' lang='lat' dir='ltr'>confiterentur,</span> <span class='ocrx_word' id='word_1_273' title='bbox 1501 2811 1708 2867; x_wconf 76' lang='lat' dir='ltr'>probaret</span> <span class='ocrx_word' id='word_1_274' title='bbox 1727 2813 1870 2855; x_wconf 85' lang='lat' dir='ltr'>exitus</span> 
     </span>
     <span class='ocr_line' id='line_1_35' title="bbox 317 2883 1869 2942; baseline 0.003 -18"><span class='ocrx_word' id='word_1_275' title='bbox 317 2883 551 2925; x_wconf 89' lang='lat' dir='ltr'>hodiernus</span> <span class='ocrx_word' id='word_1_276' title='bbox 585 2884 792 2939; x_wconf 88' lang='lat' dir='ltr'>ipsorum.</span> <span class='ocrx_word' id='word_1_277' title='bbox 853 2886 1060 2941; x_wconf 91' lang='lat' dir='ltr'>Dispersi,</span> <span class='ocrx_word' id='word_1_278' title='bbox 1097 2886 1351 2942; x_wconf 87' lang='lat' dir='ltr'>palabundi,</span> <span class='ocrx_word' id='word_1_279' title='bbox 1390 2892 1435 2928; x_wconf 91' lang='lat' dir='ltr'>et</span> <span class='ocrx_word' id='word_1_280' title='bbox 1468 2886 1546 2928; x_wconf 89' lang='lat' dir='ltr'>soli</span> <span class='ocrx_word' id='word_1_281' title='bbox 1583 2892 1627 2929; x_wconf 91' lang='lat' dir='ltr'>et</span> <span class='ocrx_word' id='word_1_282' title='bbox 1663 2887 1768 2929; x_wconf 89' lang='lat' dir='ltr'>caeli</span> <span class='ocrx_word' id='word_1_283' title='bbox 1803 2888 1869 2929; x_wconf 80' lang='lat' dir='ltr'>sui</span> 
     </span>
    </p>
   </div>
  </div>
 </body>
</html>
