<?xml version="1.0" encoding="UTF-8"?>
<!DOCTYPE html PUBLIC "-//W3C//DTD XHTML 1.0 Transitional//EN"
    "http://www.w3.org/TR/xhtml1/DTD/xhtml1-transitional.dtd">
<html xmlns="http://www.w3.org/1999/xhtml" xml:lang="en" lang="en">
 <head>
  <title>
</title>
<meta http-equiv="Content-Type" content="text/html;charset=utf-8" />
  <meta name='ocr-system' content='tesseract 3.04.00' />
  <meta name='ocr-capabilities' content='ocr_page ocr_carea ocr_par ocr_line ocrx_word'/>
</head>
<body>
  <div class='ocr_page' id='page_1' title='image "./qseptimiflorenti00tert_0456.png"; bbox 0 0 1975 3306; ppageno 0'>
   <div class='ocr_carea' id='block_1_1' title="bbox 279 64 1851 121">
    <p class='ocr_par' dir='ltr' id='par_1_1' title="bbox 279 64 1851 121">
     <span class='ocr_line' id='line_1_1' title="bbox 279 64 1851 121; baseline -0.001 -14"><span class='ocrx_word' id='word_1_1' title='bbox 279 68 365 107; x_wconf 86' lang='lat'>432</span> <span class='ocrx_word' id='word_1_2' title='bbox 858 64 1266 107; x_wconf 86' lang='lat' dir='ltr'><strong>TER-TVLLIANI</strong></span> <span class='ocrx_word' id='word_1_3' title='bbox 1491 67 1552 121; x_wconf 89' lang='lat' dir='ltr'>[p.</span> <span class='ocrx_word' id='word_1_4' title='bbox 1582 67 1664 106; x_wconf 87' lang='grc'>126</span> <span class='ocrx_word' id='word_1_5' title='bbox 1685 64 1713 105; x_wconf 91' lang='lat' dir='ltr'>l.</span> <span class='ocrx_word' id='word_1_6' title='bbox 1738 67 1851 106; x_wconf 85' lang='lat'>34—-</span> 
     </span>
    </p>
   </div>
   <div class='ocr_carea' id='block_1_2' title="bbox 204 180 1855 2842">
    <p class='ocr_par' dir='ltr' id='par_1_2' title="bbox 271 180 1855 445">
     <span class='ocr_line' id='line_1_2' title="bbox 368 180 1855 236; baseline 0 -14"><span class='ocrx_word' id='word_1_7' title='bbox 368 196 406 236; x_wconf 89' lang='lat' dir='ltr'>p.</span> <span class='ocrx_word' id='word_1_8' title='bbox 433 182 515 222; x_wconf 86' lang='grc'>126</span> <span class='ocrx_word' id='word_1_9' title='bbox 549 181 572 222; x_wconf 89' lang='lat' dir='ltr'>l.</span> <span class='ocrx_word' id='word_1_10' title='bbox 598 182 653 221; x_wconf 85' lang='grc'>34</span> <span class='ocrx_word' id='word_1_11' title='bbox 686 191 897 221; x_wconf 85' lang='lat' dir='ltr'>DIVINVM</span> <span class='ocrx_word' id='word_1_12' title='bbox 960 180 1027 221; x_wconf 91' lang='lat' dir='ltr'>De</span> <span class='ocrx_word' id='word_1_13' title='bbox 1059 180 1163 221; x_wconf 76' lang='lat' dir='ltr'>Pall.</span> <span class='ocrx_word' id='word_1_14' title='bbox 1190 195 1222 221; x_wconf 94' lang='lat' dir='ltr'>c.</span> <span class='ocrx_word' id='word_1_15' title='bbox 1257 180 1334 222; x_wconf 73' lang='lat' dir='ltr'>ult.</span> <span class='ocrx_word' id='word_1_16' title='bbox 1367 180 1440 221; x_wconf 89' lang='lat' dir='ltr'>fin.</span> <span class='ocrx_word' id='word_1_17' title='bbox 1473 186 1518 222; x_wconf 72' lang='lat' dir='ltr'>at</span> <span class='ocrx_word' id='word_1_18' title='bbox 1549 196 1622 235; x_wconf 65' lang='lat' dir='ltr'>esso</span> <span class='ocrx_word' id='word_1_19' title='bbox 1655 181 1747 222; x_wconf 79' lang='lat' dir='ltr'>iam</span> <span class='ocrx_word' id='word_1_20' title='bbox 1779 181 1855 222; x_wconf 70' lang='lat' dir='ltr'>illi</span> 
     </span>
     <span class='ocr_line' id='line_1_3' title="bbox 279 250 1853 306; baseline -0.001 -13"><span class='ocrx_word' id='word_1_21' title='bbox 279 252 409 294; x_wconf 73' lang='lat' dir='ltr'>etiam</span> <span class='ocrx_word' id='word_1_22' title='bbox 430 251 609 292; x_wconf 70' lang='lat' dir='ltr'>diuinae</span> <span class='ocrx_word' id='word_1_23' title='bbox 629 256 763 292; x_wconf 76' lang='lat' dir='ltr'>sectae</span> <span class='ocrx_word' id='word_1_24' title='bbox 787 265 837 291; x_wconf 83' lang='grc' dir='ltr'>(ιο</span> <span class='ocrx_word' id='word_1_25' title='bbox 862 250 1119 305; x_wconf 69' lang='lat' dir='ltr'>disciplinae</span> <span class='ocrx_word' id='word_1_26' title='bbox 1149 250 1448 292; x_wconf 75' lang='lat' dir='ltr'>commerciwn</span> <span class='ocrx_word' id='word_1_27' title='bbox 1477 250 1658 306; x_wconf 76' lang='lat' dir='ltr'>confero.</span> <span class='ocrx_word' id='word_1_28' title='bbox 1707 251 1853 306; x_wconf 73' lang='lat' dir='ltr'>yaude</span> 
     </span>
     <span class='ocr_line' id='line_1_4' title="bbox 271 320 1852 377; baseline 0 -15"><span class='ocrx_word' id='word_1_29' title='bbox 271 322 463 377; x_wconf 73' lang='lat' dir='ltr'>pallium</span> <span class='ocrx_word' id='word_1_30' title='bbox 487 327 524 363; x_wconf 77' lang='lat' dir='ltr'>et</span> <span class='ocrx_word' id='word_1_31' title='bbox 545 321 722 369; x_wconf 58' lang='lat' dir='ltr'>ewulm,</span> <span class='ocrx_word' id='word_1_32' title='bbox 748 320 896 362; x_wconf 69' lang='lat' dir='ltr'>melior</span> <span class='ocrx_word' id='word_1_33' title='bbox 917 320 1009 362; x_wconf 75' lang='lat' dir='ltr'>iam</span> <span class='ocrx_word' id='word_1_34' title='bbox 1038 326 1076 362; x_wconf 76' lang='lat' dir='ltr'>te</span> <span class='ocrx_word' id='word_1_35' title='bbox 1101 320 1378 376; x_wconf 72' lang='lat' dir='ltr'>philosophia</span> <span class='ocrx_word' id='word_1_36' title='bbox 1400 320 1583 375; x_wconf 73' lang='lat' dir='ltr'><em>digmata</em></span> <span class='ocrx_word' id='word_1_37' title='bbox 1605 327 1674 370; x_wconf 78' lang='lat' dir='ltr'>est,</span> <span class='ocrx_word' id='word_1_38' title='bbox 1698 336 1747 362; x_wconf 62' lang='lat' dir='ltr'>esc</span> <span class='ocrx_word' id='word_1_39' title='bbox 1768 336 1852 376; x_wconf 74' lang='lat' dir='ltr'>quo</span> 
     </span>
     <span class='ocr_line' id='line_1_5' title="bbox 280 389 1846 445; baseline 0.002 -13"><span class='ocrx_word' id='word_1_40' title='bbox 280 392 577 433; x_wconf 71' lang='lat' dir='ltr'>Christicmum</span> <span class='ocrx_word' id='word_1_41' title='bbox 610 392 764 433; x_wconf 74' lang='lat' dir='ltr'>uestz&#39;re</span> <span class='ocrx_word' id='word_1_42' title='bbox 796 391 980 445; x_wconf 76' lang='lat' dir='ltr'>coepisti.</span> <span class='ocrx_word' id='word_1_43' title='bbox 1044 390 1208 432; x_wconf 67' lang='lat' dir='ltr'>Athan.</span> <span class='ocrx_word' id='word_1_44' title='bbox 1242 390 1314 432; x_wconf 88' lang='lat' dir='ltr'>Or.</span> <span class='ocrx_word' id='word_1_45' title='bbox 1348 389 1495 433; x_wconf 66' lang='lat' dir='ltr'>Conbr.</span> <span class='ocrx_word' id='word_1_46' title='bbox 1531 391 1660 432; x_wconf 72' lang='lat' dir='ltr'>Gent.</span> <span class='ocrx_word' id='word_1_47' title='bbox 1696 394 1715 432; x_wconf 90' lang='lat'>1</span> <span class='ocrx_word' id='word_1_48' title='bbox 1752 393 1846 435; x_wconf 78' lang='grc' dir='ltr'>πῶς</span> 
     </span>
    </p>

    <p class='ocr_par' dir='ltr' id='par_1_3' title="bbox 238 459 1851 656">
     <span class='ocr_line' id='line_1_6' title="bbox 238 459 1851 515; baseline -0.001 -12"><span class='ocrx_word' id='word_1_49' title='bbox 238 477 257 508; x_wconf 82' lang='grc'><em>5</em></span> <span class='ocrx_word' id='word_1_50' title='bbox 279 459 595 506; x_wconf 81' lang='grc' dir='ltr'>εἰκότως...ὲ’τι</span> <span class='ocrx_word' id='word_1_51' title='bbox 633 459 914 515; x_wconf 79' lang='grc' dir='ltr'>ἀνθρώπινόν</span> <span class='ocrx_word' id='word_1_52' title='bbox 950 461 1076 504; x_wconf 85' lang='grc' dir='ltr'>ἐστιν</span> <span class='ocrx_word' id='word_1_53' title='bbox 1118 462 1311 504; x_wconf 80' lang='grc' dir='ltr'>ἐπινοεῖν</span> <span class='ocrx_word' id='word_1_54' title='bbox 1353 460 1403 503; x_wconf 84' lang='grc' dir='ltr'>τὸ</span> <span class='ocrx_word' id='word_1_55' title='bbox 1446 463 1648 515; x_wconf 84' lang='grc' dir='ltr'>πρᾶγμα,</span> <span class='ocrx_word' id='word_1_56' title='bbox 1684 461 1758 502; x_wconf 80' lang='grc' dir='ltr'>καὶ</span> <span class='ocrx_word' id='word_1_57' title='bbox 1796 460 1851 502; x_wconf 78' lang='grc' dir='ltr'>οὐ</span> 
     </span>
     <span class='ocr_line' id='line_1_7' title="bbox 276 530 1849 587; baseline 0 -14"><span class='ocrx_word' id='word_1_58' title='bbox 276 534 454 585; x_wconf 84' lang='grc' dir='ltr'>μᾶλλον</span> <span class='ocrx_word' id='word_1_59' title='bbox 493 530 726 586; x_wconf 89' lang='grc' dir='ltr'>ὁμολογεῖν</span> <span class='ocrx_word' id='word_1_60' title='bbox 765 531 867 573; x_wconf 84' lang='grc' dir='ltr'>θεοῦ</span> <span class='ocrx_word' id='word_1_61' title='bbox 901 530 1041 586; x_wconf 90' lang='grc' dir='ltr'>λόγον</span> <span class='ocrx_word' id='word_1_62' title='bbox 1079 531 1154 573; x_wconf 85' lang='grc' dir='ltr'>καὶ</span> <span class='ocrx_word' id='word_1_63' title='bbox 1193 533 1378 587; x_wconf 74' lang='grc' dir='ltr'>σωτῆρα</span> <span class='ocrx_word' id='word_1_64' title='bbox 1414 530 1528 574; x_wconf 84' lang='grc' dir='ltr'>εἶναι</span> <span class='ocrx_word' id='word_1_65' title='bbox 1565 534 1644 573; x_wconf 89' lang='grc' dir='ltr'>τοῦ</span> <span class='ocrx_word' id='word_1_66' title='bbox 1678 530 1849 577; x_wconf 85' lang='grc' dir='ltr'>παντὸς</span> 
     </span>
     <span class='ocr_line' id='line_1_8' title="bbox 279 600 1102 656; baseline 0 -12"><span class='ocrx_word' id='word_1_67' title='bbox 279 601 355 645; x_wconf 81' lang='grc' dir='ltr'>τὸν</span> <span class='ocrx_word' id='word_1_68' title='bbox 389 601 463 644; x_wconf 83' lang='grc' dir='ltr'>ἐπὶ</span> <span class='ocrx_word' id='word_1_69' title='bbox 497 604 575 645; x_wconf 86' lang='grc' dir='ltr'>τοῦ</span> <span class='ocrx_word' id='word_1_70' title='bbox 608 604 806 656; x_wconf 86' lang='grc' dir='ltr'>σταυροῦ</span> <span class='ocrx_word' id='word_1_71' title='bbox 839 600 1102 655; x_wconf 79' lang='grc' dir='ltr'>ἀναβάντα;</span> 
     </span>
    </p>

    <p class='ocr_par' dir='ltr' id='par_1_4' title="bbox 277 671 1846 798">
     <span class='ocr_line' id='line_1_9' title="bbox 366 671 1846 728; baseline -0.001 -14"><span class='ocrx_word' id='word_1_72' title='bbox 366 684 708 715; x_wconf 79' lang='lat' dir='ltr'>PHILOSOPHIAE</span> <span class='ocrx_word' id='word_1_73' title='bbox 742 683 896 714; x_wconf 76' lang='lat' dir='ltr'>GENVS</span> <span class='ocrx_word' id='word_1_74' title='bbox 926 687 1041 728; x_wconf 81' lang='lat' dir='ltr'>supr.</span> <span class='ocrx_word' id='word_1_75' title='bbox 1064 687 1095 713; x_wconf 68' lang='lat' dir='ltr'>c,</span> <span class='ocrx_word' id='word_1_76' title='bbox 1122 674 1173 712; x_wconf 79' lang='grc'>21</span> <span class='ocrx_word' id='word_1_77' title='bbox 1206 688 1245 728; x_wconf 88' lang='lat' dir='ltr'>p.</span> <span class='ocrx_word' id='word_1_78' title='bbox 1270 674 1324 714; x_wconf 80' lang='grc'>68</span> <span class='ocrx_word' id='word_1_79' title='bbox 1347 672 1464 713; x_wconf 85' lang='lat' dir='ltr'>Zeno</span> <span class='ocrx_word' id='word_1_80' title='bbox 1493 671 1579 713; x_wconf 78' lang='lat' dir='ltr'>and</span> <span class='ocrx_word' id='word_1_81' title='bbox 1609 671 1846 714; x_wconf 73' lang='lat' dir='ltr'>Cleanthes</span> 
     </span>
     <span class='ocr_line' id='line_1_10' title="bbox 277 739 1842 798; baseline -0.001 -15"><span class='ocrx_word' id='word_1_82' title='bbox 277 743 403 784; x_wconf 83' lang='lat' dir='ltr'>knew</span> <span class='ocrx_word' id='word_1_83' title='bbox 430 743 477 784; x_wconf 87' lang='lat' dir='ltr'>of</span> <span class='ocrx_word' id='word_1_84' title='bbox 503 743 578 784; x_wconf 83' lang='lat' dir='ltr'>the</span> <span class='ocrx_word' id='word_1_85' title='bbox 610 742 763 795; x_wconf 86' lang='grc' dir='ltr'>Λόγος.</span> <span class='ocrx_word' id='word_1_86' title='bbox 827 742 943 784; x_wconf 56' lang='lat' dir='ltr'>Testa.</span> <span class='ocrx_word' id='word_1_87' title='bbox 974 741 1120 783; x_wconf 87' lang='lat' dir='ltr'>Anim.</span> <span class='ocrx_word' id='word_1_88' title='bbox 1154 744 1188 784; x_wconf 83' lang='lat'>1.</span> <span class='ocrx_word' id='word_1_89' title='bbox 1213 741 1280 783; x_wconf 88' lang='lat' dir='ltr'>De</span> <span class='ocrx_word' id='word_1_90' title='bbox 1313 742 1391 783; x_wconf 88' lang='lat' dir='ltr'>An.</span> <span class='ocrx_word' id='word_1_91' title='bbox 1417 743 1452 783; x_wconf 89' lang='grc'>2.</span> <span class='ocrx_word' id='word_1_92' title='bbox 1518 741 1677 783; x_wconf 88' lang='lat' dir='ltr'>Minuc.</span> <span class='ocrx_word' id='word_1_93' title='bbox 1703 743 1758 783; x_wconf 85' lang='lat'>20</span> <span class='ocrx_word' id='word_1_94' title='bbox 1783 739 1842 798; x_wconf 74' lang='lat'>§1</span> 
     </span>
    </p>

    <p class='ocr_par' dir='ltr' id='par_1_5' title="bbox 214 812 1849 1153">
     <span class='ocr_line' id='line_1_11' title="bbox 214 812 1847 869; baseline -0.001 -15"><span class='ocrx_word' id='word_1_95' title='bbox 214 832 257 854; x_wconf 89' lang='lat'>10</span> <span class='ocrx_word' id='word_1_96' title='bbox 281 820 322 856; x_wconf 72' lang='lat' dir='ltr'>ut</span> <span class='ocrx_word' id='word_1_97' title='bbox 365 814 508 869; x_wconf 73' lang='lat' dir='ltr'><em>quiuis</em></span> <span class='ocrx_word' id='word_1_98' title='bbox 553 813 798 863; x_wconf 70' lang='lat' dir='ltr'>arbitretur,</span> <span class='ocrx_word' id='word_1_99' title='bbox 841 819 917 855; x_wconf 71' lang='lat' dir='ltr'>aut</span> <span class='ocrx_word' id='word_1_100' title='bbox 966 829 1074 855; x_wconf 70' lang='lat' dir='ltr'>nunc</span> <span class='ocrx_word' id='word_1_101' title='bbox 1123 812 1390 855; x_wconf 71' lang='lat' dir='ltr'>C&#39;lm&#39;isticmos</span> <span class='ocrx_word' id='word_1_102' title='bbox 1436 812 1708 868; x_wconf 73' lang='lat' dir='ltr'>philosophos</span> <span class='ocrx_word' id='word_1_103' title='bbox 1749 827 1847 862; x_wconf 77' lang='lat' dir='ltr'>esse,</span> 
     </span>
     <span class='ocr_line' id='line_1_12' title="bbox 277 882 1848 940; baseline -0.001 -14"><span class='ocrx_word' id='word_1_104' title='bbox 277 891 352 927; x_wconf 74' lang='lat' dir='ltr'>aut</span> <span class='ocrx_word' id='word_1_105' title='bbox 380 885 653 940; x_wconf 72' lang='lat' dir='ltr'>philosophos</span> <span class='ocrx_word' id='word_1_106' title='bbox 673 884 817 940; x_wconf 69' lang='lat' dir='ltr'>faisse</span> <span class='ocrx_word' id='word_1_107' title='bbox 845 885 936 925; x_wconf 56' lang='grc' dir='ltr'>ἰἰιεῃι</span> <span class='ocrx_word' id='word_1_108' title='bbox 969 891 1066 926; x_wconf 70' lang='lat' dir='ltr'>tunc</span> <span class='ocrx_word' id='word_1_109' title='bbox 1099 884 1375 926; x_wconf 67' lang='lat' dir='ltr'>Christianos.</span> <span class='ocrx_word' id='word_1_110' title='bbox 1439 883 1634 937; x_wconf 70' lang='lat' dir='ltr'>[Iustin]</span> <span class='ocrx_word' id='word_1_111' title='bbox 1669 882 1848 925; x_wconf 71' lang='lat' dir='ltr'>Cohort.</span> 
     </span>
     <span class='ocr_line' id='line_1_13' title="bbox 275 953 1849 1012; baseline -0.001 -15"><span class='ocrx_word' id='word_1_112' title='bbox 275 956 330 997; x_wconf 84' lang='lat' dir='ltr'>ad</span> <span class='ocrx_word' id='word_1_113' title='bbox 360 955 432 997; x_wconf 84' lang='lat' dir='ltr'>Gr.</span> <span class='ocrx_word' id='word_1_114' title='bbox 467 971 498 998; x_wconf 91' lang='lat' dir='ltr'>c.</span> <span class='ocrx_word' id='word_1_115' title='bbox 535 957 589 996; x_wconf 98' lang='grc'>14</span> <span class='ocrx_word' id='word_1_116' title='bbox 618 971 657 1012; x_wconf 89' lang='lat' dir='ltr'>p.</span> <span class='ocrx_word' id='word_1_117' title='bbox 683 954 759 997; x_wconf 78' lang='lat' dir='ltr'>15b</span> <span class='ocrx_word' id='word_1_118' title='bbox 784 961 864 997; x_wconf 75' lang='lat' dir='ltr'>etc.</span> <span class='ocrx_word' id='word_1_119' title='bbox 888 970 985 1011; x_wconf 78' lang='lat' dir='ltr'>says</span> <span class='ocrx_word' id='word_1_120' title='bbox 1014 955 1114 997; x_wconf 66' lang='lat' dir='ltr'>that</span> <span class='ocrx_word' id='word_1_121' title='bbox 1142 955 1310 996; x_wconf 80' lang='lat' dir='ltr'>Homer</span> <span class='ocrx_word' id='word_1_122' title='bbox 1339 954 1541 1010; x_wconf 78' lang='lat' dir='ltr'>Orpheus</span> <span class='ocrx_word' id='word_1_123' title='bbox 1574 953 1849 1010; x_wconf 70' lang='lat' dir='ltr'>Pythagoras-</span> 
     </span>
     <span class='ocr_line' id='line_1_14' title="bbox 276 1023 1842 1081; baseline -0.001 -12"><span class='ocrx_word' id='word_1_124' title='bbox 276 1033 355 1069; x_wconf 72' lang='lat' dir='ltr'>etc.</span> <span class='ocrx_word' id='word_1_125' title='bbox 399 1028 542 1068; x_wconf 69' lang='lat' dir='ltr'>learnt</span> <span class='ocrx_word' id='word_1_126' title='bbox 584 1027 693 1068; x_wconf 87' lang='lat' dir='ltr'>from</span> <span class='ocrx_word' id='word_1_127' title='bbox 746 1026 902 1068; x_wconf 82' lang='lat' dir='ltr'>Moses.</span> <span class='ocrx_word' id='word_1_128' title='bbox 993 1025 1160 1067; x_wconf 82' lang='lat' dir='ltr'>Keim’s</span> <span class='ocrx_word' id='word_1_129' title='bbox 1208 1024 1362 1068; x_wconf 82' lang='lat' dir='ltr'>Celsus</span> <span class='ocrx_word' id='word_1_130' title='bbox 1404 1036 1419 1065; x_wconf 93' lang='grc' dir='ltr'>Ι</span> <span class='ocrx_word' id='word_1_131' title='bbox 1462 1023 1539 1081; x_wconf 67' lang='lat'>§4</span> <span class='ocrx_word' id='word_1_132' title='bbox 1581 1040 1621 1081; x_wconf 91' lang='lat' dir='ltr'>p.</span> <span class='ocrx_word' id='word_1_133' title='bbox 1663 1027 1689 1066; x_wconf 87' lang='lat'><strong>3</strong></span> <span class='ocrx_word' id='word_1_134' title='bbox 1722 1040 1762 1066; x_wconf 87' lang='lat' dir='ltr'>n.</span> <span class='ocrx_word' id='word_1_135' title='bbox 1806 1027 1842 1067; x_wconf 90' lang='grc'>2.</span> 
     </span>
     <span class='ocr_line' id='line_1_15' title="bbox 275 1094 1841 1153; baseline -0.001 -15"><span class='ocrx_word' id='word_1_136' title='bbox 275 1097 532 1140; x_wconf 80' lang='lat' dir='ltr'>Tzschirner</span> <span class='ocrx_word' id='word_1_137' title='bbox 554 1099 638 1139; x_wconf 84' lang='lat'>315</span> <span class='ocrx_word' id='word_1_138' title='bbox 662 1112 721 1153; x_wconf 84' lang='lat' dir='ltr'>sq.</span> <span class='ocrx_word' id='word_1_139' title='bbox 784 1096 941 1138; x_wconf 67' lang='lat' dir='ltr'>Iusbin.</span> <span class='ocrx_word' id='word_1_140' title='bbox 965 1097 1091 1153; x_wconf 83' lang='lat' dir='ltr'>Apol.</span> <span class='ocrx_word' id='word_1_141' title='bbox 1116 1108 1131 1137; x_wconf 92' lang='grc' dir='ltr'>Ι</span> <span class='ocrx_word' id='word_1_142' title='bbox 1156 1098 1211 1137; x_wconf 88' lang='grc'>24</span> <span class='ocrx_word' id='word_1_143' title='bbox 1237 1094 1538 1151; x_wconf 69' lang='lat' dir='ltr'>immortality.</span> <span class='ocrx_word' id='word_1_144' title='bbox 1602 1094 1654 1136; x_wconf 83' lang='lat'>27</span> <span class='ocrx_word' id='word_1_145' title='bbox 1683 1095 1841 1152; x_wconf 85' lang='lat' dir='ltr'>judge-</span> 
     </span>
    </p>

    <p class='ocr_par' dir='ltr' id='par_1_6' title="bbox 214 1163 1848 1507">
     <span class='ocr_line' id='line_1_16' title="bbox 214 1163 1848 1223; baseline 0 -16"><span class='ocrx_word' id='word_1_146' title='bbox 214 1185 254 1215; x_wconf 82' lang='lat'>15</span> <span class='ocrx_word' id='word_1_147' title='bbox 276 1173 399 1209; x_wconf 75' lang='lat' dir='ltr'>menb</span> <span class='ocrx_word' id='word_1_148' title='bbox 420 1167 506 1209; x_wconf 81' lang='lat' dir='ltr'>and</span> <span class='ocrx_word' id='word_1_149' title='bbox 533 1167 610 1209; x_wconf 89' lang='lat' dir='ltr'>fire</span> <span class='ocrx_word' id='word_1_150' title='bbox 633 1168 680 1208; x_wconf 88' lang='lat' dir='ltr'>of</span> <span class='ocrx_word' id='word_1_151' title='bbox 706 1172 957 1223; x_wconf 72' lang='lat' dir='ltr'>purgatory.</span> <span class='ocrx_word' id='word_1_152' title='bbox 1022 1169 1076 1207; x_wconf 82' lang='grc'>28</span> <span class='ocrx_word' id='word_1_153' title='bbox 1100 1165 1293 1208; x_wconf 63' lang='lat' dir='ltr'>cre-ahion</span> <span class='ocrx_word' id='word_1_154' title='bbox 1315 1165 1401 1207; x_wconf 83' lang='lat' dir='ltr'>and</span> <span class='ocrx_word' id='word_1_155' title='bbox 1424 1163 1701 1221; x_wconf 86' lang='grc' dir='ltr'>ἐκπύρωσις;</span> <span class='ocrx_word' id='word_1_156' title='bbox 1732 1165 1848 1207; x_wconf 77' lang='lat' dir='ltr'>idols-</span> 
     </span>
     <span class='ocr_line' id='line_1_17' title="bbox 275 1236 1841 1295; baseline -0.001 -15"><span class='ocrx_word' id='word_1_157' title='bbox 275 1238 468 1295; x_wconf 73' lang='lat' dir='ltr'>rejected</span> <span class='ocrx_word' id='word_1_158' title='bbox 499 1238 558 1294; x_wconf 86' lang='lat' dir='ltr'>by</span> <span class='ocrx_word' id='word_1_159' title='bbox 588 1238 847 1289; x_wconf 77' lang='lat' dir='ltr'>Menander3</span> <span class='ocrx_word' id='word_1_160' title='bbox 879 1237 1144 1287; x_wconf 79' lang='lat' dir='ltr'>crucffixion,</span> <span class='ocrx_word' id='word_1_161' title='bbox 1178 1236 1469 1279; x_wconf 69' lang='lat' dir='ltr'>resurrection</span> <span class='ocrx_word' id='word_1_162' title='bbox 1500 1237 1586 1278; x_wconf 79' lang='lat' dir='ltr'>and</span> <span class='ocrx_word' id='word_1_163' title='bbox 1617 1237 1841 1279; x_wconf 79' lang='lat' dir='ltr'>ascension</span> 
     </span>
     <span class='ocr_line' id='line_1_18' title="bbox 275 1306 1842 1362; baseline -0.001 -11"><span class='ocrx_word' id='word_1_164' title='bbox 275 1310 488 1352; x_wconf 82' lang='lat' dir='ltr'>resemble</span> <span class='ocrx_word' id='word_1_165' title='bbox 517 1309 672 1351; x_wconf 71' lang='lat' dir='ltr'>stories</span> <span class='ocrx_word' id='word_1_166' title='bbox 702 1309 749 1350; x_wconf 90' lang='lat' dir='ltr'>of</span> <span class='ocrx_word' id='word_1_167' title='bbox 775 1324 875 1351; x_wconf 84' lang='lat' dir='ltr'>sons</span> <span class='ocrx_word' id='word_1_168' title='bbox 904 1310 951 1350; x_wconf 85' lang='lat' dir='ltr'>of</span> <span class='ocrx_word' id='word_1_169' title='bbox 977 1309 1100 1350; x_wconf 81' lang='lat' dir='ltr'>Zeus.</span> <span class='ocrx_word' id='word_1_170' title='bbox 1164 1310 1220 1350; x_wconf 84' lang='lat'>30</span> <span class='ocrx_word' id='word_1_171' title='bbox 1250 1308 1326 1350; x_wconf 70' lang='lat' dir='ltr'>the</span> <span class='ocrx_word' id='word_1_172' title='bbox 1354 1306 1498 1362; x_wconf 84' lang='grc' dir='ltr'>Λόγος</span> <span class='ocrx_word' id='word_1_173' title='bbox 1521 1308 1606 1349; x_wconf 80' lang='lat' dir='ltr'>and</span> <span class='ocrx_word' id='word_1_174' title='bbox 1631 1308 1842 1358; x_wconf 79' lang='lat' dir='ltr'>Hermes3</span> 
     </span>
     <span class='ocr_line' id='line_1_19' title="bbox 277 1378 1842 1436; baseline -0.001 -14"><span class='ocrx_word' id='word_1_175' title='bbox 277 1382 459 1422; x_wconf 82' lang='lat' dir='ltr'>Perseus</span> <span class='ocrx_word' id='word_1_176' title='bbox 499 1380 607 1422; x_wconf 86' lang='lat' dir='ltr'>born</span> <span class='ocrx_word' id='word_1_177' title='bbox 650 1380 698 1421; x_wconf 87' lang='lat' dir='ltr'>of</span> <span class='ocrx_word' id='word_1_178' title='bbox 733 1395 758 1421; x_wconf 79' lang='lat' dir='ltr'><strong>a</strong></span> <span class='ocrx_word' id='word_1_179' title='bbox 801 1379 961 1436; x_wconf 79' lang='lat' dir='ltr'>virgin3</span> <span class='ocrx_word' id='word_1_180' title='bbox 1008 1379 1207 1421; x_wconf 82' lang='lat' dir='ltr'>miracles</span> <span class='ocrx_word' id='word_1_181' title='bbox 1250 1379 1297 1420; x_wconf 90' lang='lat' dir='ltr'>of</span> <span class='ocrx_word' id='word_1_182' title='bbox 1334 1379 1512 1435; x_wconf 81' lang='lat' dir='ltr'>healing</span> <span class='ocrx_word' id='word_1_183' title='bbox 1552 1378 1748 1420; x_wconf 79' lang='lat' dir='ltr'>ascribed</span> <span class='ocrx_word' id='word_1_184' title='bbox 1796 1385 1842 1420; x_wconf 76' lang='lat' dir='ltr'>to</span> 
     </span>
     <span class='ocr_line' id='line_1_20' title="bbox 275 1449 1844 1507; baseline 0 -15"><span class='ocrx_word' id='word_1_185' title='bbox 275 1450 588 1507; x_wconf 77' lang='lat' dir='ltr'>Aesculapius3</span> <span class='ocrx_word' id='word_1_186' title='bbox 640 1449 803 1491; x_wconf 86' lang='lat' dir='ltr'>Arnob.</span> <span class='ocrx_word' id='word_1_187' title='bbox 848 1462 883 1491; x_wconf 89' lang='grc' dir='ltr'>ΙΙ</span> <span class='ocrx_word' id='word_1_188' title='bbox 928 1452 981 1491; x_wconf 83' lang='grc'>13</span> <span class='ocrx_word' id='word_1_189' title='bbox 1027 1451 1081 1490; x_wconf 85' lang='grc'>14</span> <span class='ocrx_word' id='word_1_190' title='bbox 1124 1449 1253 1506; x_wconf 70' lang='lat' dir='ltr'>Unity</span> <span class='ocrx_word' id='word_1_191' title='bbox 1296 1450 1343 1491; x_wconf 89' lang='lat' dir='ltr'>of</span> <span class='ocrx_word' id='word_1_192' title='bbox 1389 1449 1497 1500; x_wconf 83' lang='lat' dir='ltr'>God,</span> <span class='ocrx_word' id='word_1_193' title='bbox 1539 1449 1844 1499; x_wconf 62' lang='lat' dir='ltr'>resurrection,</span> 
     </span>
    </p>

    <p class='ocr_par' dir='ltr' id='par_1_7' title="bbox 210 1518 1308 1577">
     <span class='ocr_line' id='line_1_21' title="bbox 210 1518 1308 1577; baseline 0 -15"><span class='ocrx_word' id='word_1_194' title='bbox 210 1535 254 1556; x_wconf 78' lang='lat'>20</span> <span class='ocrx_word' id='word_1_195' title='bbox 274 1521 486 1577; x_wconf 83' lang='lat' dir='ltr'>gehenna.</span> <span class='ocrx_word' id='word_1_196' title='bbox 537 1520 654 1577; x_wconf 84' lang='lat' dir='ltr'>Orig.</span> <span class='ocrx_word' id='word_1_197' title='bbox 680 1518 828 1562; x_wconf 73' lang='lat' dir='ltr'>Contr.</span> <span class='ocrx_word' id='word_1_198' title='bbox 852 1519 963 1563; x_wconf 82' lang='lat' dir='ltr'>Cels.</span> <span class='ocrx_word' id='word_1_199' title='bbox 987 1532 1017 1559; x_wconf 93' lang='lat' dir='ltr'><strong>V</strong></span> <span class='ocrx_word' id='word_1_200' title='bbox 1041 1519 1106 1561; x_wconf 84' lang='lat'>57.</span> <span class='ocrx_word' id='word_1_201' title='bbox 1150 1532 1218 1560; x_wconf 83' lang='lat' dir='ltr'>VH</span> <span class='ocrx_word' id='word_1_202' title='bbox 1243 1522 1308 1562; x_wconf 84' lang='lat'>59.</span> 
     </span>
    </p>

    <p class='ocr_par' dir='ltr' id='par_1_8' title="bbox 273 1590 1843 1860">
     <span class='ocr_line' id='line_1_22' title="bbox 361 1590 1841 1648; baseline -0.003 -14"><span class='ocrx_word' id='word_1_203' title='bbox 361 1607 400 1648; x_wconf 90' lang='lat' dir='ltr'>p.</span> <span class='ocrx_word' id='word_1_204' title='bbox 436 1593 519 1632; x_wconf 83' lang='grc'>128</span> <span class='ocrx_word' id='word_1_205' title='bbox 552 1591 576 1633; x_wconf 86' lang='lat' dir='ltr'>l.</span> <span class='ocrx_word' id='word_1_206' title='bbox 611 1593 635 1632; x_wconf 88' lang='grc'>2</span> <span class='ocrx_word' id='word_1_207' title='bbox 669 1602 761 1632; x_wconf 83' lang='lat' dir='ltr'>CVR</span> <span class='ocrx_word' id='word_1_208' title='bbox 798 1602 920 1631; x_wconf 82' lang='lat' dir='ltr'>ERGO</span> <span class='ocrx_word' id='word_1_209' title='bbox 963 1597 1042 1632; x_wconf 72' lang='lat' dir='ltr'>etc.</span> <span class='ocrx_word' id='word_1_210' title='bbox 1105 1590 1324 1646; x_wconf 72' lang='lat' dir='ltr'>Athenag.</span> <span class='ocrx_word' id='word_1_211' title='bbox 1364 1590 1517 1646; x_wconf 84' lang='lat' dir='ltr'>Suppl.</span> <span class='ocrx_word' id='word_1_212' title='bbox 1551 1592 1575 1630; x_wconf 85' lang='grc'>2</span> <span class='ocrx_word' id='word_1_213' title='bbox 1613 1604 1652 1645; x_wconf 89' lang='lat' dir='ltr'>p.</span> <span class='ocrx_word' id='word_1_214' title='bbox 1687 1591 1731 1630; x_wconf 64' lang='grc' dir='ltr'>4ὃ</span> <span class='ocrx_word' id='word_1_215' title='bbox 1769 1590 1841 1643; x_wconf 83' lang='lat' dir='ltr'>(cf.</span> 
     </span>
     <span class='ocr_line' id='line_1_23' title="bbox 273 1659 1839 1718; baseline -0.001 -16"><span class='ocrx_word' id='word_1_216' title='bbox 273 1677 344 1718; x_wconf 89' lang='lat' dir='ltr'>pp.</span> <span class='ocrx_word' id='word_1_217' title='bbox 380 1664 505 1711; x_wconf 80' lang='lat'><strong>6—8,</strong></span> <span class='ocrx_word' id='word_1_218' title='bbox 546 1661 694 1717; x_wconf 85' lang='lat' dir='ltr'>Eurip.</span> <span class='ocrx_word' id='word_1_219' title='bbox 730 1659 861 1717; x_wconf 84' lang='lat' dir='ltr'>Soph.</span> <span class='ocrx_word' id='word_1_220' title='bbox 902 1660 1010 1702; x_wconf 64' lang='lat' dir='ltr'>Plan.</span> <span class='ocrx_word' id='word_1_221' title='bbox 1055 1660 1237 1702; x_wconf 56' lang='lat' dir='ltr'>Ariston</span> <span class='ocrx_word' id='word_1_222' title='bbox 1282 1659 1426 1702; x_wconf 71' lang='lat' dir='ltr'>Stoics</span> <span class='ocrx_word' id='word_1_223' title='bbox 1464 1659 1565 1701; x_wconf 89' lang='lat' dir='ltr'>hold</span> <span class='ocrx_word' id='word_1_224' title='bbox 1603 1674 1685 1700; x_wconf 89' lang='lat' dir='ltr'>one</span> <span class='ocrx_word' id='word_1_225' title='bbox 1723 1659 1839 1712; x_wconf 79' lang='lat' dir='ltr'>God)</span> 
     </span>
     <span class='ocr_line' id='line_1_24' title="bbox 274 1728 1843 1787; baseline -0.003 -13"><span class='ocrx_word' id='word_1_226' title='bbox 274 1733 388 1775; x_wconf 85' lang='grc' dir='ltr'>οὕτω</span> <span class='ocrx_word' id='word_1_227' title='bbox 425 1732 499 1774; x_wconf 85' lang='grc' dir='ltr'>καὶ</span> <span class='ocrx_word' id='word_1_228' title='bbox 535 1730 636 1777; x_wconf 79' lang='grc' dir='ltr'>τοὺς</span> <span class='ocrx_word' id='word_1_229' title='bbox 681 1729 770 1773; x_wconf 77' lang='grc' dir='ltr'>ἀπὸ</span> <span class='ocrx_word' id='word_1_230' title='bbox 814 1730 1091 1787; x_wconf 77' lang='grc' dir='ltr'>φιλοσοφίας</span> <span class='ocrx_word' id='word_1_231' title='bbox 1134 1730 1413 1786; x_wconf 72' lang='grc' dir='ltr'>κρινομένους</span> <span class='ocrx_word' id='word_1_232' title='bbox 1457 1728 1636 1786; x_wconf 84' lang='grc' dir='ltr'>ὁρῶμεν.</span> <span class='ocrx_word' id='word_1_233' title='bbox 1699 1728 1843 1775; x_wconf 82' lang='grc' dir='ltr'>οὐδεὶς</span> 
     </span>
     <span class='ocr_line' id='line_1_25' title="bbox 274 1798 1838 1860; baseline -0.003 -14"><span class='ocrx_word' id='word_1_234' title='bbox 274 1804 422 1846; x_wconf 83' lang='grc' dir='ltr'>αὐτῶν</span> <span class='ocrx_word' id='word_1_235' title='bbox 457 1802 544 1860; x_wconf 85' lang='grc' dir='ltr'>πρὸ</span> <span class='ocrx_word' id='word_1_236' title='bbox 583 1801 774 1859; x_wconf 86' lang='grc' dir='ltr'>κρίσεως</span> <span class='ocrx_word' id='word_1_237' title='bbox 811 1800 882 1844; x_wconf 80' lang='grc' dir='ltr'>διὰ</span> <span class='ocrx_word' id='word_1_238' title='bbox 918 1800 998 1854; x_wconf 78' lang='grc' dir='ltr'>τὴν</span> <span class='ocrx_word' id='word_1_239' title='bbox 1033 1801 1288 1853; x_wconf 81' lang='grc' dir='ltr'>ἐπιστήμην</span> <span class='ocrx_word' id='word_1_240' title='bbox 1331 1800 1354 1853; x_wconf 73' lang='grc' dir='ltr'><em>ἢ</em></span> <span class='ocrx_word' id='word_1_241' title='bbox 1400 1800 1564 1857; x_wconf 84' lang='grc' dir='ltr'>τέχνην</span> <span class='ocrx_word' id='word_1_242' title='bbox 1606 1798 1772 1854; x_wconf 78' lang='grc' dir='ltr'>α’γαθὸς</span> <span class='ocrx_word' id='word_1_243' title='bbox 1815 1799 1838 1850; x_wconf 80' lang='grc' dir='ltr'>ἢ</span> 
     </span>
    </p>

    <p class='ocr_par' dir='ltr' id='par_1_9' title="bbox 208 1870 1840 2210">
     <span class='ocr_line' id='line_1_26' title="bbox 208 1870 1840 1930; baseline -0.002 -13"><span class='ocrx_word' id='word_1_244' title='bbox 208 1889 251 1920; x_wconf 82' lang='lat'>25</span> <span class='ocrx_word' id='word_1_245' title='bbox 272 1874 460 1930; x_wconf 81' lang='grc' dir='ltr'>πονηρὸς</span> <span class='ocrx_word' id='word_1_246' title='bbox 498 1876 558 1930; x_wconf 79' lang='grc' dir='ltr'>τῷ</span> <span class='ocrx_word' id='word_1_247' title='bbox 592 1874 782 1929; x_wconf 81' lang='grc' dir='ltr'>δικαστῇ</span> <span class='ocrx_word' id='word_1_248' title='bbox 816 1873 928 1916; x_wconf 85' lang='grc' dir='ltr'>εἶναι</span> <span class='ocrx_word' id='word_1_249' title='bbox 962 1872 1092 1921; x_wconf 83' lang='grc' dir='ltr'>δοκεῖ,</span> <span class='ocrx_word' id='word_1_250' title='bbox 1117 1871 1239 1914; x_wconf 71' lang='grc' dir='ltr'>ἀλλὰ</span> <span class='ocrx_word' id='word_1_251' title='bbox 1273 1871 1403 1926; x_wconf 82' lang='grc' dir='ltr'><em>δόξας</em></span> <span class='ocrx_word' id='word_1_252' title='bbox 1435 1871 1515 1926; x_wconf 86' lang='grc' dir='ltr'>μὲν</span> <span class='ocrx_word' id='word_1_253' title='bbox 1542 1870 1655 1914; x_wconf 84' lang='grc' dir='ltr'>εἶναι</span> <span class='ocrx_word' id='word_1_254' title='bbox 1688 1871 1840 1916; x_wconf 74' lang='grc' dir='ltr'>ἄδικος</span> 
     </span>
     <span class='ocr_line' id='line_1_27' title="bbox 272 1941 1836 2000; baseline -0.002 -13"><span class='ocrx_word' id='word_1_255' title='bbox 272 1946 525 1998; x_wconf 83' lang='grc' dir='ltr'>κολάζεται,</span> <span class='ocrx_word' id='word_1_256' title='bbox 548 1944 671 1988; x_wconf 83' lang='grc' dir='ltr'>οὐδὲν</span> <span class='ocrx_word' id='word_1_257' title='bbox 694 1947 748 2000; x_wconf 82' lang='grc' dir='ltr'>τῇ</span> <span class='ocrx_word' id='word_1_258' title='bbox 773 1943 1022 2000; x_wconf 76' lang='grc' dir='ltr'>φιλοσοφίᾳ</span> <span class='ocrx_word' id='word_1_259' title='bbox 1051 1941 1450 1999; x_wconf 71' lang='grc' dir='ltr'>προστριψάμενος</span> <span class='ocrx_word' id='word_1_260' title='bbox 1484 1941 1686 1995; x_wconf 84' lang='grc' dir='ltr'>ἔγκλημα</span> <span class='ocrx_word' id='word_1_261' title='bbox 1708 1942 1836 1996; x_wconf 82' lang='grc' dir='ltr'>(ἐκεῖ-</span> 
     </span>
     <span class='ocr_line' id='line_1_28' title="bbox 273 2011 1835 2072; baseline -0.004 -14"><span class='ocrx_word' id='word_1_262' title='bbox 273 2034 343 2062; x_wconf 92' lang='grc' dir='ltr'>νος</span> <span class='ocrx_word' id='word_1_263' title='bbox 378 2014 464 2072; x_wconf 85' lang='grc' dir='ltr'>γὰρ</span> <span class='ocrx_word' id='word_1_264' title='bbox 503 2014 696 2069; x_wconf 83' lang='grc' dir='ltr'>πονηρὸς</span> <span class='ocrx_word' id='word_1_265' title='bbox 734 2013 754 2056; x_wconf 92' lang='grc' dir='ltr'>ὁ</span> <span class='ocrx_word' id='word_1_266' title='bbox 789 2013 850 2068; x_wconf 80' lang='grc' dir='ltr'>μὴ</span> <span class='ocrx_word' id='word_1_267' title='bbox 889 2015 945 2059; x_wconf 87' lang='grc' dir='ltr'>ὡς</span> <span class='ocrx_word' id='word_1_268' title='bbox 978 2013 1108 2066; x_wconf 91' lang='grc' dir='ltr'>νόμος</span> <span class='ocrx_word' id='word_1_269' title='bbox 1148 2015 1426 2069; x_wconf 87' lang='grc' dir='ltr'>φιλοσοφῶν,</span> <span class='ocrx_word' id='word_1_270' title='bbox 1465 2013 1490 2065; x_wconf 87' lang='grc' dir='ltr'>ἡ</span> <span class='ocrx_word' id='word_1_271' title='bbox 1531 2011 1575 2053; x_wconf 80' lang='grc' dir='ltr'>δὲ</span> <span class='ocrx_word' id='word_1_272' title='bbox 1608 2012 1835 2066; x_wconf 85' lang='grc' dir='ltr'>ἐπιστήμη</span> 
     </span>
     <span class='ocr_line' id='line_1_29' title="bbox 272 2081 1836 2139; baseline -0.002 -12"><span class='ocrx_word' id='word_1_273' title='bbox 272 2084 498 2139; x_wconf 79' lang='grc' dir='ltr'>ἀναίτιος),</span> <span class='ocrx_word' id='word_1_274' title='bbox 532 2082 879 2139; x_wconf 77' lang='grc' dir='ltr'>ἀπολυσάμενος</span> <span class='ocrx_word' id='word_1_275' title='bbox 913 2083 958 2126; x_wconf 84' lang='grc' dir='ltr'>δὲ</span> <span class='ocrx_word' id='word_1_276' title='bbox 993 2081 1071 2128; x_wconf 84' lang='grc' dir='ltr'>τὰς</span> <span class='ocrx_word' id='word_1_277' title='bbox 1116 2081 1337 2133; x_wconf 76' lang='grc' dir='ltr'>διαβολὰς</span> <span class='ocrx_word' id='word_1_278' title='bbox 1380 2081 1570 2138; x_wconf 86' lang='grc' dir='ltr'>α’φίεται.</span> <span class='ocrx_word' id='word_1_279' title='bbox 1633 2096 1667 2123; x_wconf 85' lang='lat' dir='ltr'>c.</span> <span class='ocrx_word' id='word_1_280' title='bbox 1706 2085 1729 2123; x_wconf 86' lang='lat'>5</span> <span class='ocrx_word' id='word_1_281' title='bbox 1772 2097 1836 2138; x_wconf 85' lang='lat' dir='ltr'>pr.</span> 
     </span>
     <span class='ocr_line' id='line_1_30' title="bbox 273 2151 1836 2210; baseline -0.001 -13"><span class='ocrx_word' id='word_1_282' title='bbox 273 2156 347 2197; x_wconf 84' lang='grc' dir='ltr'>καὶ</span> <span class='ocrx_word' id='word_1_283' title='bbox 370 2154 554 2206; x_wconf 85' lang='grc' dir='ltr'>ποιηταὶ</span> <span class='ocrx_word' id='word_1_284' title='bbox 577 2155 657 2208; x_wconf 88' lang='grc' dir='ltr'>μὲν</span> <span class='ocrx_word' id='word_1_285' title='bbox 679 2155 752 2195; x_wconf 83' lang='grc' dir='ltr'>καὶ</span> <span class='ocrx_word' id='word_1_286' title='bbox 776 2154 1028 2210; x_wconf 85' lang='grc' dir='ltr'>φιλόσοφοι</span> <span class='ocrx_word' id='word_1_287' title='bbox 1051 2154 1131 2195; x_wconf 86' lang='grc' dir='ltr'>οὐκ</span> <span class='ocrx_word' id='word_1_288' title='bbox 1162 2152 1319 2207; x_wconf 79' lang='grc' dir='ltr'>ἔδοξαν</span> <span class='ocrx_word' id='word_1_289' title='bbox 1350 2151 1484 2204; x_wconf 80' lang='grc' dir='ltr'>ἄθεοι,</span> <span class='ocrx_word' id='word_1_290' title='bbox 1507 2153 1836 2206; x_wconf 78' lang='grc' dir='ltr'>ἐπιστήσαντες</span> 
     </span>
    </p>

    <p class='ocr_par' dir='ltr' id='par_1_10' title="bbox 205 2222 1841 2563">
     <span class='ocr_line' id='line_1_31' title="bbox 205 2222 1841 2282; baseline 0.001 -18"><span class='ocrx_word' id='word_1_291' title='bbox 205 2243 250 2273; x_wconf 80' lang='lat'>30</span> <span class='ocrx_word' id='word_1_292' title='bbox 273 2226 375 2282; x_wconf 82' lang='grc' dir='ltr'>περὶ</span> <span class='ocrx_word' id='word_1_293' title='bbox 410 2225 522 2268; x_wconf 87' lang='grc' dir='ltr'>θεοῦ.</span> <span class='ocrx_word' id='word_1_294' title='bbox 586 2224 742 2267; x_wconf 66' lang='lat' dir='ltr'>lustin.</span> <span class='ocrx_word' id='word_1_295' title='bbox 781 2225 907 2281; x_wconf 88' lang='lat' dir='ltr'>Apol.</span> <span class='ocrx_word' id='word_1_296' title='bbox 938 2236 953 2265; x_wconf 94' lang='grc' dir='ltr'>Ι</span> <span class='ocrx_word' id='word_1_297' title='bbox 987 2227 1013 2265; x_wconf 88' lang='grc'>4</span> <span class='ocrx_word' id='word_1_298' title='bbox 1046 2240 1083 2280; x_wconf 89' lang='lat' dir='ltr'>p.</span> <span class='ocrx_word' id='word_1_299' title='bbox 1119 2226 1191 2265; x_wconf 68' lang='grc' dir='ltr'>55Ο</span> <span class='ocrx_word' id='word_1_300' title='bbox 1218 2224 1292 2266; x_wconf 83' lang='grc' dir='ltr'>καὶ</span> <span class='ocrx_word' id='word_1_301' title='bbox 1329 2224 1415 2280; x_wconf 87' lang='grc' dir='ltr'>γάρ</span> <span class='ocrx_word' id='word_1_302' title='bbox 1448 2241 1516 2266; x_wconf 88' lang='grc' dir='ltr'>τοι</span> <span class='ocrx_word' id='word_1_303' title='bbox 1559 2222 1841 2279; x_wconf 69' lang='grc' dir='ltr'>φιλοσοφίας</span> 
     </span>
     <span class='ocr_line' id='line_1_32' title="bbox 270 2292 1834 2352; baseline -0.001 -15"><span class='ocrx_word' id='word_1_304' title='bbox 270 2296 409 2348; x_wconf 85' lang='grc' dir='ltr'>ὄνομα</span> <span class='ocrx_word' id='word_1_305' title='bbox 456 2296 530 2338; x_wconf 86' lang='grc' dir='ltr'>καὶ</span> <span class='ocrx_word' id='word_1_306' title='bbox 583 2299 743 2352; x_wconf 83' lang='grc' dir='ltr'>σχῆμα</span> <span class='ocrx_word' id='word_1_307' title='bbox 796 2294 1128 2351; x_wconf 84' lang='grc' dir='ltr'>ἐπιγράφονταί</span> <span class='ocrx_word' id='word_1_308' title='bbox 1169 2312 1295 2344; x_wconf 86' lang='grc' dir='ltr'>τινες,</span> <span class='ocrx_word' id='word_1_309' title='bbox 1338 2293 1378 2336; x_wconf 82' lang='grc' dir='ltr'>οἲ</span> <span class='ocrx_word' id='word_1_310' title='bbox 1425 2293 1550 2336; x_wconf 83' lang='grc' dir='ltr'>οὐδὲν</span> <span class='ocrx_word' id='word_1_311' title='bbox 1589 2292 1714 2347; x_wconf 82' lang='grc' dir='ltr'>ἄξιον</span> <span class='ocrx_word' id='word_1_312' title='bbox 1756 2296 1834 2347; x_wconf 86' lang='grc' dir='ltr'>τῆς</span> 
     </span>
     <span class='ocr_line' id='line_1_33' title="bbox 272 2362 1834 2422; baseline -0.001 -14"><span class='ocrx_word' id='word_1_313' title='bbox 272 2364 563 2422; x_wconf 79' lang='grc' dir='ltr'>ὑποσχέσεως</span> <span class='ocrx_word' id='word_1_314' title='bbox 605 2364 878 2420; x_wconf 76' lang='grc' dir='ltr'>πράττουσι·</span> <span class='ocrx_word' id='word_1_315' title='bbox 932 2365 1177 2419; x_wconf 81' lang='grc' dir='ltr'>γινώσκετε</span> <span class='ocrx_word' id='word_1_316' title='bbox 1213 2363 1248 2404; x_wconf 83' lang='grc' dir='ltr'>δ’</span> <span class='ocrx_word' id='word_1_317' title='bbox 1279 2364 1347 2406; x_wconf 88' lang='grc' dir='ltr'>ὅτι</span> <span class='ocrx_word' id='word_1_318' title='bbox 1381 2363 1456 2406; x_wconf 85' lang='grc' dir='ltr'>καὶ</span> <span class='ocrx_word' id='word_1_319' title='bbox 1494 2363 1535 2405; x_wconf 86' lang='grc' dir='ltr'>οἱ</span> <span class='ocrx_word' id='word_1_320' title='bbox 1567 2362 1623 2406; x_wconf 73' lang='grc' dir='ltr'>τά</span> <span class='ocrx_word' id='word_1_321' title='bbox 1656 2364 1834 2406; x_wconf 79' lang='grc' dir='ltr'>ἐναντία</span> 
     </span>
     <span class='ocr_line' id='line_1_34' title="bbox 271 2433 1831 2492; baseline -0.001 -14"><span class='ocrx_word' id='word_1_322' title='bbox 271 2435 540 2490; x_wconf 75' lang='grc' dir='ltr'>δοξάσαντες</span> <span class='ocrx_word' id='word_1_323' title='bbox 575 2435 648 2477; x_wconf 81' lang='grc' dir='ltr'>καὶ</span> <span class='ocrx_word' id='word_1_324' title='bbox 685 2434 1036 2489; x_wconf 83' lang='grc' dir='ltr'>δογματίσαντες</span> <span class='ocrx_word' id='word_1_325' title='bbox 1071 2438 1159 2477; x_wconf 87' lang='grc' dir='ltr'>τῶν</span> <span class='ocrx_word' id='word_1_326' title='bbox 1196 2437 1405 2489; x_wconf 79' lang='grc' dir='ltr'>παλαιῶν</span> <span class='ocrx_word' id='word_1_327' title='bbox 1442 2436 1503 2492; x_wconf 80' lang='grc' dir='ltr'>τῷ</span> <span class='ocrx_word' id='word_1_328' title='bbox 1545 2434 1607 2477; x_wconf 83' lang='grc' dir='ltr'>ἑνὶ</span> <span class='ocrx_word' id='word_1_329' title='bbox 1650 2433 1831 2490; x_wconf 84' lang='grc' dir='ltr'>ὀνόματι</span> 
     </span>
     <span class='ocr_line' id='line_1_35' title="bbox 269 2505 1832 2563; baseline 0 -15"><span class='ocrx_word' id='word_1_330' title='bbox 269 2505 679 2562; x_wconf 65' lang='grc' dir='ltr'>προσαγορεύονται</span> <span class='ocrx_word' id='word_1_331' title='bbox 712 2506 981 2563; x_wconf 87' lang='grc' dir='ltr'>φιλόσοφοι·</span> <span class='ocrx_word' id='word_1_332' title='bbox 1028 2506 1103 2549; x_wconf 88' lang='grc' dir='ltr'>καὶ</span> <span class='ocrx_word' id='word_1_333' title='bbox 1136 2505 1305 2549; x_wconf 85' lang='grc' dir='ltr'>τούτων</span> <span class='ocrx_word' id='word_1_334' title='bbox 1343 2505 1457 2552; x_wconf 83' lang='grc' dir='ltr'>τινὲς</span> <span class='ocrx_word' id='word_1_335' title='bbox 1492 2506 1713 2558; x_wconf 77' lang='grc' dir='ltr'>ἀθεότητα</span> <span class='ocrx_word' id='word_1_336' title='bbox 1748 2505 1832 2549; x_wconf 85' lang='grc' dir='ltr'>ἐδί-</span> 
     </span>
    </p>

    <p class='ocr_par' dir='ltr' id='par_1_11' title="bbox 204 2574 1833 2842">
     <span class='ocr_line' id='line_1_36' title="bbox 204 2574 1830 2630; baseline -0.001 -12"><span class='ocrx_word' id='word_1_337' title='bbox 204 2591 247 2621; x_wconf 81' lang='lat'>35</span> <span class='ocrx_word' id='word_1_338' title='bbox 270 2576 407 2630; x_wconf 82' lang='grc' dir='ltr'>δαξαν</span> <span class='ocrx_word' id='word_1_339' title='bbox 439 2576 514 2618; x_wconf 86' lang='grc' dir='ltr'>καὶ</span> <span class='ocrx_word' id='word_1_340' title='bbox 542 2575 617 2618; x_wconf 84' lang='grc' dir='ltr'>τὸν</span> <span class='ocrx_word' id='word_1_341' title='bbox 645 2574 732 2618; x_wconf 87' lang='grc' dir='ltr'>Δία</span> <span class='ocrx_word' id='word_1_342' title='bbox 759 2574 935 2628; x_wconf 80' lang='grc' dir='ltr'>ἀσελγῆ</span> <span class='ocrx_word' id='word_1_343' title='bbox 966 2574 1057 2628; x_wconf 76' lang='grc' dir='ltr'>ἅμα</span> <span class='ocrx_word' id='word_1_344' title='bbox 1088 2579 1179 2621; x_wconf 84' lang='grc' dir='ltr'>τοῖς</span> <span class='ocrx_word' id='word_1_345' title='bbox 1200 2576 1339 2618; x_wconf 84' lang='grc' dir='ltr'>αὐτοῦ</span> <span class='ocrx_word' id='word_1_346' title='bbox 1361 2575 1522 2618; x_wconf 84' lang='grc' dir='ltr'>παισὶν</span> <span class='ocrx_word' id='word_1_347' title='bbox 1546 2575 1588 2617; x_wconf 86' lang='grc' dir='ltr'>οἱ</span> <span class='ocrx_word' id='word_1_348' title='bbox 1606 2574 1830 2628; x_wconf 88' lang='grc' dir='ltr'>γενόμενοι</span> 
     </span>
     <span class='ocr_line' id='line_1_37' title="bbox 268 2643 1827 2702; baseline -0.001 -14"><span class='ocrx_word' id='word_1_349' title='bbox 268 2646 453 2698; x_wconf 90' lang='grc' dir='ltr'>ποιηταὶ</span> <span class='ocrx_word' id='word_1_350' title='bbox 486 2645 875 2700; x_wconf 85' lang='grc' dir='ltr'>καταγγέλλουσι·</span> <span class='ocrx_word' id='word_1_351' title='bbox 915 2643 1129 2687; x_wconf 79' lang='grc' dir='ltr'>κάκείνων</span> <span class='ocrx_word' id='word_1_352' title='bbox 1163 2644 1219 2687; x_wconf 58' lang='lat' dir='ltr'>‘rax</span> <span class='ocrx_word' id='word_1_353' title='bbox 1254 2644 1505 2700; x_wconf 83' lang='grc' dir='ltr'>διδάγματα</span> <span class='ocrx_word' id='word_1_354' title='bbox 1543 2644 1584 2687; x_wconf 83' lang='grc' dir='ltr'>οἱ</span> <span class='ocrx_word' id='word_1_355' title='bbox 1616 2645 1827 2702; x_wconf 84' lang='grc' dir='ltr'>μετερχό-</span> 
     </span>
     <span class='ocr_line' id='line_1_38' title="bbox 267 2713 1828 2771; baseline -0.002 -13"><span class='ocrx_word' id='word_1_356' title='bbox 267 2735 390 2770; x_wconf 88' lang='grc' dir='ltr'>μενοι</span> <span class='ocrx_word' id='word_1_357' title='bbox 413 2715 491 2758; x_wconf 80' lang='grc' dir='ltr'>οὐκ</span> <span class='ocrx_word' id='word_1_358' title='bbox 515 2716 736 2771; x_wconf 84' lang='grc' dir='ltr'>εἴργονται</span> <span class='ocrx_word' id='word_1_359' title='bbox 759 2714 872 2770; x_wconf 84' lang='grc' dir='ltr'>πρὸς</span> <span class='ocrx_word' id='word_1_360' title='bbox 896 2715 1026 2768; x_wconf 72' lang='grc' dir='ltr'>ὑμῶν,</span> <span class='ocrx_word' id='word_1_361' title='bbox 1045 2713 1165 2756; x_wconf 76' lang='grc' dir='ltr'>ἆθλα</span> <span class='ocrx_word' id='word_1_362' title='bbox 1189 2714 1234 2757; x_wconf 83' lang='grc' dir='ltr'>δὲ</span> <span class='ocrx_word' id='word_1_363' title='bbox 1257 2715 1332 2757; x_wconf 81' lang='grc' dir='ltr'>καὶ</span> <span class='ocrx_word' id='word_1_364' title='bbox 1355 2714 1484 2769; x_wconf 69' lang='grc' dir='ltr'>τιμὰς</span> <span class='ocrx_word' id='word_1_365' title='bbox 1507 2717 1597 2760; x_wconf 87' lang='grc' dir='ltr'>τοῖς</span> <span class='ocrx_word' id='word_1_366' title='bbox 1620 2715 1828 2771; x_wconf 81' lang='grc' dir='ltr'>εὐφώνως</span> 
     </span>
     <span class='ocr_line' id='line_1_39' title="bbox 271 2783 1833 2842; baseline -0.001 -14"><span class='ocrx_word' id='word_1_367' title='bbox 271 2784 508 2842; x_wconf 79' lang='grc' dir='ltr'>ὑβρίζουσι</span> <span class='ocrx_word' id='word_1_368' title='bbox 532 2785 716 2830; x_wconf 87' lang='grc' dir='ltr'>τούτους</span> <span class='ocrx_word' id='word_1_369' title='bbox 747 2783 902 2827; x_wconf 87' lang='grc' dir='ltr'>τίθετε.</span> <span class='ocrx_word' id='word_1_370' title='bbox 964 2783 1019 2826; x_wconf 85' lang='lat' dir='ltr'>ib.</span> <span class='ocrx_word' id='word_1_371' title='bbox 1045 2786 1100 2826; x_wconf 78' lang='lat'>20</span> <span class='ocrx_word' id='word_1_372' title='bbox 1133 2783 1169 2826; x_wconf 85' lang='grc' dir='ltr'>εἰ</span> <span class='ocrx_word' id='word_1_373' title='bbox 1202 2784 1277 2827; x_wconf 78' lang='grc' dir='ltr'>οὖν</span> <span class='ocrx_word' id='word_1_374' title='bbox 1310 2784 1384 2826; x_wconf 86' lang='grc' dir='ltr'>καὶ</span> <span class='ocrx_word' id='word_1_375' title='bbox 1418 2783 1576 2838; x_wconf 87' lang='grc' dir='ltr'>ὁμοίως</span> <span class='ocrx_word' id='word_1_376' title='bbox 1608 2783 1705 2826; x_wconf 73' lang='grc' dir='ltr'>τινὰ</span> <span class='ocrx_word' id='word_1_377' title='bbox 1739 2786 1833 2829; x_wconf 80' lang='grc' dir='ltr'>τοῖς</span> 
     </span>
    </p>
   </div>
  </div>
 </body>
</html>
