1975 3306
262 225 312 264 12
839 221 1243 263 TERTVLLIANI

258 353 349 380 esse
377 354 511 394 quam
539 353 615 393 per
642 339 732 379 uim
760 338 966 393 neganti?
1013 337 1082 378 uel
1110 352 1163 378 ne
1191 336 1442 392 compulsus
1468 350 1626 391 negare
1653 350 1741 376 non
1768 349 1822 376 ex

257 417 343 458 fide
370 417 539 472 negarit
566 423 609 458 et
635 416 864 458 absolutus
890 416 1053 457 ibidem
1080 421 1181 470 post
1208 414 1402 456 tribunal
1428 414 1482 455 de
1507 419 1654 455 uestra
1681 413 1824 454 rideat

257 498 552 540 aemulatione
582 499 741 539 iteruin
773 497 1072 539 Christianus?
1136 496 1245 537 Cum
1275 496 1408 551 igitur
1436 495 1481 536 in
1511 494 1715 536 omnibus
1744 508 1823 535 nos

257 580 384 621 aliter
407 580 639 635 disponitis
664 595 797 634 quam
822 585 987 620 ceteros
1011 583 1231 627 nocentes,
1258 577 1314 618 ad
1338 591 1476 618 unum
1501 575 1820 625 contendendo,

257 666 308 701 ut
344 660 397 701 de
435 675 483 701 eo
520 660 697 701 nomine
735 659 1020 700 excludamur
1058 658 1349 711 (excludimur
1386 658 1501 698 enim
1538 657 1573 698 si
1610 657 1862 700 faciamusfi

256 755 369 795 quae
408 740 578 782 faciunt
615 756 703 782 non
742 740 1009 792 Christiani),
1049 739 1298 795 intellegere
1336 739 1521 794 potestis
1559 753 1647 779 non
1685 737 1823 779 scelus

256 822 436 877 aliquod
458 823 502 863 in
526 837 657 863 causa
681 837 784 872 esse,
809 822 885 863 sed
907 836 1081 871 nomen,
1107 821 1226 876 quod
1249 820 1467 875 quaedam
1490 820 1602 861 ratio
1625 818 1824 860 aemulae

257 903 526 957 operationis
555 903 814 957 insequitur,
848 902 930 943 hoc
961 902 1153 956 primum
1185 915 1329 956 agens,
1364 906 1415 942 ut
1450 900 1647 941 homines
1681 900 1825 941 nolint

257 984 365 1025 scire
383 999 460 1039 pro
480 990 598 1026 certo
617 984 736 1039 quod
754 999 798 1025 se
816 984 980 1025 nescire
997 998 1076 1038 pro
1095 988 1213 1024 certo
1232 982 1390 1023 sciunt.
1452 981 1558 1022 Ideo
1577 987 1622 1022 et
1639 981 1823 1022 credunt

257 1065 311 1106 de
340 1065 465 1107 nobis
494 1080 607 1120 quae
635 1080 721 1106 non
750 1065 1009 1120 probantur,
1041 1070 1085 1106 et
1111 1064 1270 1105 nolunt
1296 1063 1470 1118 inquiri,
1500 1077 1555 1103 ne
1582 1062 1825 1117 probentur
1846 1075 1890 1098 10

258 1162 347 1188 non
390 1162 480 1188 esse
523 1162 635 1202 quae
678 1147 851 1188 malunt
893 1146 1138 1196 credidisse,
1175 1151 1228 1187 ut
1269 1159 1430 1186 nomen
1471 1144 1585 1186 illius
1626 1143 1825 1185 aemulae

257 1230 439 1271 rationis
481 1230 708 1271 inimicum
750 1229 1059 1284 praesumptis,
1104 1243 1192 1269 non
1234 1227 1432 1282 probatis
1475 1226 1729 1267 criminibus
1771 1225 1825 1266 de

257 1326 336 1353 sua
361 1311 452 1352 sola
478 1311 748 1352 confessione
772 1311 1020 1352 damnetur.
1082 1310 1188 1351 Ideo
1214 1315 1472 1364 torquemur
1496 1307 1756 1349 confitentes
1781 1312 1826 1348 et

258 1394 466 1449 punimur
499 1399 828 1448 perseuerantes
862 1399 906 1435 et
938 1392 1209 1434 absolujmur
1241 1397 1465 1447 negantes,
1501 1390 1604 1445 quia
1636 1389 1825 1430 nominis

259 1474 472 1529 proelium
506 1480 584 1515 est.
646 1474 848 1529 Denique
881 1473 987 1528 quid
1020 1473 1073 1514 de
1106 1472 1268 1514 tabella
1301 1471 1497 1512 recitatis
1528 1470 1651 1512 illum
1685 1469 1823 1511 Chris·
1849 1488 1889 1519 15

259 1556 459 1598 tianum?
523 1556 609 1597 Cur
643 1570 731 1596 non
768 1560 812 1596 et
847 1554 1140 1596 homicidam?
1205 1553 1248 1595 Si
1283 1553 1502 1595 homicida
1538 1551 1823 1600 Christianus,

260 1652 336 1678 cur
357 1653 445 1679 non
468 1643 512 1679 et
532 1637 725 1678 incestus
746 1636 815 1678 uel
837 1636 1132 1691 quodcunque
1153 1635 1272 1676 aliud
1295 1649 1385 1676 esse
1406 1649 1485 1675 nos
1507 1633 1709 1674 creditis?
1772 1632 1825 1673 In

259 1718 386 1759 nobis
431 1718 533 1759 solis
574 1717 714 1772 pudet
759 1723 838 1759 aut
879 1717 999 1772 piget
1038 1717 1144 1771 ipsis
1184 1715 1435 1757 nominibus
1476 1714 1685 1756 scelerum
1728 1728 1824 1768 pro-

259 1799 490 1840 nuntiare?
555 1798 828 1839 Christianus
870 1798 904 1839 si
948 1797 1108 1838 nullius
1151 1796 1342 1837 criminis
1384 1795 1560 1836 nomine
1603 1808 1700 1835 reus
1744 1798 1822 1843 est,

259 1879 389 1920 ualde
419 1880 649 1929 incestum,
683 1879 717 1919 si
749 1878 881 1919 solius
911 1878 1112 1928 nominis,
1147 1877 1309 1918 crimen
1341 1882 1419 1918 est.
1845 1889 1890 1911 20

344 2023 387 2064 3.
449 2023 590 2072 Quid?
643 2022 762 2077 quod
793 2022 857 2063 ita
890 2022 1084 2077 plerique
1117 2021 1274 2063 clausis
1306 2021 1441 2062 oculis
1473 2020 1518 2062 in
1550 2020 1700 2061 odium
1734 2019 1824 2060 eius

258 2105 508 2159 inpingunt,
545 2110 596 2145 ut
631 2104 795 2145 bonum
830 2103 958 2144 alicui
993 2103 1295 2144 testimonium
1330 2102 1519 2143 ferentes
1552 2101 1826 2142 admisceant

259 2186 448 2227 nominis
470 2185 869 2240 exprobrationem.
932 2185 1081 2225 Bonus
1102 2184 1168 2225 uir
1191 2184 1325 2225 Gaius
1347 2183 1481 2233 Seius,
1506 2188 1683 2224 tantum
1705 2182 1824 2237 quod

261 2266 546 2308 Christianus.
609 2266 724 2307 Item
746 2266 878 2307 alius:
915 2265 1007 2320 Ego
1030 2265 1163 2306 miror
1184 2265 1368 2306 Lucium
1392 2264 1556 2305 Titium
1578 2263 1823 2318 sapientem

260 2347 405 2389 uirum
433 2353 612 2402 repente
640 2348 809 2389 factum
840 2347 1150 2388 Christianum.
1213 2346 1353 2387 Nemo
1384 2350 1609 2394 retractat,
1642 2358 1696 2385 ne
1725 2343 1822 2385 ideo
1846 2362 1887 2393 25

261 2429 403 2470 bonus
418 2428 551 2469 Gaius
567 2434 610 2470 et
624 2428 815 2483 prudens
831 2428 1002 2478 Lucius,
1020 2428 1122 2482 quia
1138 2427 1423 2476 Christianus,
1440 2431 1519 2467 aut
1532 2425 1629 2466 ideo
1644 2425 1822 2466 Christi-

261 2525 384 2560 anus,
405 2511 507 2565 quia
530 2510 720 2565 prudens
743 2516 787 2551 et
807 2510 962 2551 bonus.
1024 2510 1232 2551 Laudant
1252 2523 1365 2564 quae
1385 2508 1542 2558 sciunt,
1566 2508 1824 2562 uituperant

262 2606 376 2646 quae
399 2591 617 2646 ignorant,
646 2597 690 2632 et
714 2591 758 2631 id
785 2591 903 2645 quod
929 2591 1074 2632 sciunt
1099 2605 1147 2631 eo
1174 2590 1292 2645 quod
1317 2590 1523 2645 ignorant
1546 2589 1820 2643 inrumpunt,

261 2686 361 2713 cum
387 2671 445 2713 sit
469 2672 627 2712 iustius
653 2672 824 2713 occulta
852 2672 905 2712 de
932 2671 1175 2713 manifestis
1202 2670 1499 2725 praeiudicare
1525 2684 1659 2724 quam
1686 2668 1822 2709 mani-

261 2751 374 2793 festa
419 2751 472 2792 de
517 2752 699 2793 occultis
744 2752 1073 2807 praedamnare.
1134 2751 1232 2801 Alii,
1280 2765 1389 2805 quos
1433 2755 1549 2791 retro
1594 2755 1698 2790 ante
1742 2749 1825 2790 hoc
1843 2765 1889 2796 30

260 2847 421 2874 nomen
445 2847 593 2887 uagos,
620 2832 739 2882 uiles,
765 2832 988 2887 improbos
1012 2836 1242 2881 nouerant,
1268 2845 1321 2872 ex
1345 2831 1440 2885 ipso
1464 2830 1682 2871 denotant
1705 2828 1824 2884 quod

261 2913 460 2954 laudant.
523 2912 745 2953 Caecitate
764 2912 851 2953 odii
871 2913 913 2953 in
934 2912 1190 2967 suffragium
1209 2911 1467 2967 inpingunt:
1506 2911 1626 2960 Quae
1646 2910 1821 2951 mulier!
