1975 3306
151 161 197 202 p.
223 149 303 189 142
326 148 352 189 1.
379 149 420 202 6]
664 147 1108 191 APOLOGETICVS
1142 152 1197 191 49
1636 149 1718 189 469

159 264 383 313 malumus,
427 264 535 306 hanc
581 264 892 319 amplectimur.
971 264 1127 306 Iustin.
1167 264 1289 320 Apol.
1329 276 1343 304 Ι
1382 265 1436 306 68
1470 278 1530 319 pr.
1571 262 1644 304 καὶ
1684 261 1721 303 εἰ

157 333 236 386 μὲν
269 333 389 375 δοκεῖ
420 334 521 387 ὑμῖν
556 332 696 388 λόγου
729 333 804 375 καὶ
842 332 1057 385 ἀληθείας
1095 333 1296 390 ἔχεσθαι,
1329 332 1550 386 τιμήσατε
1582 331 1717 374 αὐτά·

159 401 197 444 εἰ
230 401 274 443 δὲ
306 405 444 458 λῆρος
478 403 577 456 ὑμῖν
614 403 744 452 δοκεῖ,
780 403 835 447 ὡς
873 402 1087 458 ληρωδῶν
1125 401 1404 459 πραγμάτων
1438 400 1719 455 καταφρονή-

160 490 272 514 σατε
290 473 364 514 καὶ
380 472 439 527 μή
464 473 518 518 ὡς
537 471 633 515 κατ’
656 473 830 530 ἐχθρῶν
848 471 963 514 κατὰ
982 474 1070 515 τῶν
1086 472 1220 526 μηδὲν
1239 471 1512 515 ἀδικούντων
1531 470 1721 513 θάνατον

156 541 337 597 ὁρίζετε.
1741 558 1760 589 5

248 628 286 669 p.
313 615 396 656 140
425 614 450 655 1.
476 616 529 655 28
560 625 863 655 INACCVSATIS
893 613 994 669 only
1016 628 1079 654 ΘΧ.
1104 613 1149 654 in
1173 613 1281 654 ΙΘΧΧ.
1344 612 1443 654 Add
1467 612 1519 653 ad
1544 618 1632 653 nata.
1656 623 1671 652 Ι
1696 614 1720 652 2

159 698 199 739 Ρ.
233 685 288 726 60
322 685 344 726 1.
379 687 431 727 31
470 685 590 726 Wiss.
623 685 764 726 soletis
793 685 1062 727 inaccusatos
1099 691 1135 726 et
1177 684 1415 740 indefensos
1456 699 1537 725 non
1571 688 1723 725 temere

156 755 381 799 damnare.

249 837 298 866 IN
330 837 557 867 EIVSMODI
577 825 674 866 =in
707 825 875 867 talibus.
914 840 946 867 c.
984 828 1036 867 15
1070 840 1109 881 p.
1143 841 1197 866 ln.
1230 840 1375 867 eorum
1407 824 1480 880 qui
1515 823 1724 866 eiusmodi

147 895 356 950 facitant.
431 896 594 938 Oehler
634 911 689 937 on
732 895 799 936 De
843 895 971 951 Bapt.
1016 897 1069 936 12
1113 910 1151 951 p.
1197 897 1277 937 631
1316 895 1443 950 (ΞΡ.
1488 896 1584 941 211,
1627 894 1651 935 1.
1696 895 1787 935 610

166 965 320 1017 VViss.)
384 966 451 1007 De
489 965 637 1007 Idolol.
678 967 730 1006 21
766 965 837 1006 fin.
873 966 919 1006 in
956 980 986 1007 6.
1028 965 1182 1007 ridere.
1251 965 1305 1006 ad
1346 970 1435 1006 nab.
1471 976 1487 1005 Ι
1523 968 1546 1005 5
1591 978 1630 1020 p.
1667 965 1721 1005 66

161 1036 185 1077 l.
221 1038 248 1077 4
286 1036 411 1078 Wiss.
446 1038 500 1078 10
533 1035 605 1078 fin.
668 1035 797 1092 Cypr.
828 1050 894 1091 ep.
933 1037 959 1077 3
994 1035 1090 1089 (62)
1127 1050 1166 1091 p.
1204 1035 1296 1076 171.
1363 1034 1421 1076 So
1453 1033 1722 1076 huiusmodi:

161 1105 228 1147 De
262 1106 376 1148 Cult.
410 1107 528 1148 Fem.
562 1118 596 1147 II
630 1108 666 1148 9.
729 1106 796 1147 De
830 1105 1008 1147 Exhort.
1039 1104 1157 1147 Cast.
1183 1107 1204 1146 1
1230 1120 1290 1161 pr.
1320 1107 1347 1145 4
1375 1120 1410 1146 a.
1435 1120 1491 1146 m.
1523 1106 1576 1145 12
1605 1119 1643 1160 Ρ.
1669 1119 1722 1145 m.

162 1176 234 1217 Ad
249 1177 377 1219 onr.
393 1189 427 1218 II
445 1177 480 1219 7.
510 1177 565 1219 ad
581 1183 671 1218 nab.
695 1188 731 1218 II
751 1179 771 1217 1
792 1192 831 1233 Ρ.
848 1177 942 1219 941.
963 1179 1018 1217 14
1034 1175 1161 1217 Wiss.
1194 1176 1261 1217 De
1279 1176 1525 1232 Monogam.
1543 1176 1595 1216 16
1614 1189 1653 1230 p.
1668 1190 1722 1216 m.

163 1246 353 1288 Hermas
390 1258 406 1288 Ι
450 1249 474 1288 2
518 1250 543 1289 3
586 1247 837 1303 quicumque
873 1246 1121 1288 huiusmodi
1162 1251 1406 1301 operantur.
1470 1244 1588 1300 uulg.
1623 1243 1723 1299 Sap.
1746 1259 1786 1291 15

166 1318 219 1358 16
260 1319 283 1358 9
323 1316 375 1358 ab
411 1317 448 1359 h.
512 1318 641 1373 Apul.
678 1317 857 1358 Metam.
898 1328 984 1357 VIII
1024 1317 1090 1358 26.
1144 1327 1195 1356 ΧΙ
1229 1317 1294 1357 16.
1358 1315 1471 1356 Iren.
1509 1326 1563 1355 III
1603 1317 1653 1355 11
1687 1315 1723 1356 9.

161 1385 328 1429 Concil.
360 1387 497 1430 Tolet.
538 1390 589 1428 11
630 1403 662 1429 c.
698 1390 763 1429 12.
841 1388 991 1430 James
1028 1387 1182 1443 Apocr.
1221 1386 1367 1428 anecd.
1406 1387 1561 1439 (1893)
1596 1400 1636 1441 p.
1671 1387 1721 1425 11

164 1457 189 1499 1.
214 1456 237 1498 7
260 1473 340 1513 pro
362 1457 398 1499 h.
457 1458 622 1499 Archiv
644 1458 669 1499 f.
693 1458 766 1499 lab.
790 1457 892 1500 LeX.
916 1469 1004 1498 VIII
1028 1456 1123 1499 237.

252 1542 291 1583 Ρ.
327 1529 410 1569 140
443 1528 467 1569 1.
501 1530 556 1570 30
590 1539 781 1569 IGNIBVS
827 1527 882 1569 ad
919 1527 1048 1568 Mart.
1087 1529 1112 1569 6
1154 1526 1396 1568 accidental
1438 1526 1548 1576 fires,
1580 1525 1726 1566 beasts

161 1597 372 1655 escaping
399 1598 509 1639 from
538 1597 832 1639 confinement
862 1603 907 1639 to
936 1597 991 1638 be
1025 1596 1238 1653 expected
1268 1596 1327 1651 by
1362 1595 1609 1638 Christians
1639 1594 1726 1635 and
1746 1612 1789 1634 20

163 1669 409 1711 meditassed
442 1684 508 1710 on.
570 1683 646 1724 eg.
670 1669 843 1710 lamnae
871 1668 1027 1709 Euseb.
1052 1667 1168 1709 Hist.
1193 1667 1304 1708 Eccl.
1328 1678 1359 1707 V
1393 1669 1415 1707 1
1445 1664 1465 1722 ξ
1488 1667 1553 1714 21,
1580 1665 1727 1707 tunica

164 1739 342 1781 molesta
373 1738 441 1780 De
474 1738 653 1794 Martyr.
685 1735 870 1780 Palaest.
904 1739 931 1778 4
962 1736 1071 1794 ξ12,
1101 1737 1177 1779 red
1209 1737 1286 1779 hob
1318 1736 1412 1777 iron
1445 1735 1576 1784 ehair,
1610 1734 1725 1775 Hist.

166 1810 279 1851 Ecol.
301 1821 332 1850 V
357 1811 378 1850 1
403 1807 442 1865 ἓξ
465 1810 531 1850 38.
556 1810 622 1850 56.

252 1895 292 1936 p.
318 1881 400 1920 142
424 1879 448 1920 1.
473 1881 497 1919 2
521 1889 739 1920 NOSTRVM
762 1888 1024 1918 ARBITRIVM
1046 1892 1079 1918 c.
1104 1876 1156 1918 27
1181 1891 1221 1932 p.
1245 1878 1299 1919 92
1324 1876 1347 1918 l.
1374 1878 1481 1918 1311.
1526 1874 1724 1916 Laetam).

164 1963 197 1992 V
220 1953 274 1992 13
296 1948 316 2006 ξ
338 1952 362 1991 2
385 1950 458 1992 sed
482 1950 554 1991 illi
574 1949 749 1990 malitia
780 1954 818 1990 et
836 1948 998 2003 furore
1027 1954 1256 1990 caecantur
1277 1963 1327 1990 ne
1348 1947 1536 1996 uideant,
1557 1945 1723 1987 stultos·
1745 1958 1787 1990 25

163 2036 244 2077 que
265 2020 537 2062 arbitrantur
557 2034 642 2061 esse
662 2019 747 2074 qui,
769 2033 864 2060 cum
892 2017 1073 2060 habeant
1101 2018 1146 2059 in
1171 2023 1372 2073 potestate
1399 2016 1616 2072 supplicia
1645 2029 1726 2056 sua

166 2093 318 2141 uitare,
341 2091 530 2133 cruciari
551 2096 692 2132 tamen
724 2095 761 2131 et
790 2089 924 2130 emori
954 2088 1121 2130 malunt
1129 2103 1143 2138 ,·
1175 2103 1270 2130 cum
1291 2087 1459 2142 possint
1490 2102 1539 2129 etc
1560 2101 1603 2128 eo
1632 2085 1725 2141 ipso

161 2161 402 2218 pervidere,
439 2176 520 2203 non
552 2175 637 2202 esse
672 2160 916 2208 stultitiam,
947 2159 993 2200 in
1029 2173 1158 2214 quam
1195 2164 1317 2200 tanta
1348 2158 1569 2200 hominum
1599 2155 1727 2196 milia

168 2247 244 2288 per
276 2231 414 2273 orbem
442 2237 575 2273 totum
603 2245 692 2272 vuna
717 2236 755 2272 et
780 2230 889 2285 pari
909 2236 1044 2271 mente
1065 2229 1334 2271 consentiant.
1397 2228 1558 2269 Minue.
1583 2229 1634 2268 37
1657 2224 1677 2282 ξ
1698 2226 1724 2266 3

164 2307 265 2357 quot
305 2316 353 2343 esc
395 2301 550 2342 nostris
589 2316 673 2342 non
714 2300 934 2342 deoeteram
974 2299 1112 2341 solum
1162 2298 1235 2340 sed
1275 2304 1407 2340 totum
1449 2312 1601 2352 corpus
1652 2296 1725 2336 uri
1744 2313 1789 2346 30

167 2371 355 2414 cremari
374 2371 464 2412 sine
485 2370 589 2412 ullis
609 2369 840 2412 eiulatibus
867 2369 1149 2424 pertulerunt,
1171 2383 1267 2411 cum
1289 2368 1451 2410 dimitti
1466 2365 1724 2422 praesertim

165 2441 366 2483 haberent
386 2440 430 2481 in
453 2455 534 2481 sua
552 2445 763 2495 potestate.

255 2526 295 2566 p.
330 2512 412 2551 142
446 2510 469 2551 1.
504 2512 528 2551 6
561 2521 743 2551 VVLGVS
775 2524 807 2550 c.
831 2511 885 2551 35
917 2524 972 2550 m.
1003 2523 1075 2551 nec
1107 2508 1192 2549 ulli
1222 2507 1363 2562 mayis
1393 2506 1726 2562 depostulatores

171 2580 528 2628 Christianorum,
560 2595 685 2634 quam
721 2580 886 2634 uulyus.
951 2577 1003 2620 37
1036 2593 1098 2634 pr.
1130 2577 1289 2632 quoties
1320 2578 1449 2618 etiam
1478 2575 1726 2631 praeteritis

166 2650 287 2692 uobis
307 2664 381 2691 suo
403 2649 497 2690 iure
519 2663 591 2690 nos
607 2649 830 2690 inimicum
850 2649 1001 2703 zculyus
1017 2647 1190 2689 inuadit
1206 2646 1422 2702 lapidibus
1438 2652 1476 2688 et
1492 2646 1724 2688 incendiis?
1744 2659 1787 2693 35

169 2723 227 2763 50
248 2736 288 2777 p.
313 2721 397 2761 144
421 2719 444 2761 1.
470 2721 525 2760 24
554 2718 650 2760 boni
674 2719 911 2774 praesides,
935 2719 1128 2761 meliores
1148 2717 1281 2759 multo
1309 2716 1428 2771 apud
1453 2716 1665 2772 populum
1686 2718 1725 2757 si

170 2790 438 2832 Christianos
459 2789 801 2831 immolaueritis.
863 2791 919 2830 48
943 2803 981 2843 Ρ.
1006 2790 1088 2830 136
1112 2788 1152 2829 11.
1178 2786 1289 2829 6-7
1315 2802 1343 2828 a
1359 2787 1532 2842 populo.

259 2871 388 2902 VANE
419 2860 487 2901 De
519 2859 626 2915 Fug.
653 2859 700 2900 in
732 2859 896 2900 Perseo.
927 2861 951 2900 5
981 2873 1042 2914 pr.
1065 2856 1242 2913 (superl.
1276 2856 1342 2897 De
1370 2855 1517 2897 Pudic.
1541 2867 1557 2896 I
1579 2870 1618 2911 p.
1643 2857 1722 2896 221
