1975 3306
370 216 453 256 356
946 213 1354 256 TERTVLLIANI
1602 215 1663 270 [p.
1689 213 1793 256 981.
1822 217 1931 256 16—

368 329 517 370 citibus
561 327 726 384 reyibus
758 327 1068 384 familiaribus
1108 328 1308 376 inimicis,
1346 328 1484 372 adhuc
1525 330 1660 371 uitam
1690 329 1931 385 deyentibus

367 406 404 441 et
436 399 633 441 resolutis
665 413 891 454 corporum
930 398 1147 449 uinctione,
1179 399 1225 440 in
1259 399 1409 455 quibus
1441 399 1566 441 aliud
1609 399 1788 441 auditur
1818 399 1929 441 nihil

369 469 453 510 nisi
484 469 595 524 quod
626 469 834 510 humanos
858 468 1018 524 faciat,
1053 469 1138 510 nisi
1169 469 1280 524 quod
1311 469 1433 511 mites
1467 468 1721 511 uerecundos
1746 468 1930 525 pudicos

365 544 511 587 castos,
543 538 801 594 familiaris
840 539 1217 581 communicatores
1258 539 1322 580 rei
1363 544 1400 580 et
1441 553 1534 580 cum
1578 537 1768 580 omnibus
1809 537 1929 580 uobis

324 627 343 658 5
363 609 527 651 solidae
561 608 863 664 germanitatis
897 609 1203 651 necessitudine
1239 609 1488 665 copulatos?

451 694 490 736 p.
524 681 579 722 98
612 680 636 721 l.
671 678 724 720 17
759 690 1072 720 CONVENIMVR
1103 682 1158 722 35
1190 686 1294 722 ante
1328 695 1381 721 m.
1404 695 1443 736 p.
1470 682 1552 722 102
1586 680 1609 721 l.
1636 681 1689 722 26
1722 679 1928 735 reliyione

361 749 569 792 secundae
591 750 829 791 maiestatis
851 749 902 791 de
923 765 1008 804 qua
1035 749 1081 790 in
1102 749 1332 792 secundum
1354 751 1632 806 sacrileyium
1653 750 1928 792 conuenimur

364 821 612 863 Christiani.
676 836 708 863 c.
734 822 788 862 10
818 835 879 876 pr.
907 820 1070 862 Oehlcr
1101 821 1340 863 maiestatis
1370 822 1435 863 rei
1466 821 1750 864 convenimur
1812 821 1927 863 Adu.

363 891 492 934 Marc.
516 904 550 932 ΙΙ
582 894 607 933 8
629 907 668 948 p.
693 893 778 933 345
803 891 825 932 l.
853 892 906 931 14
930 890 1005 932 Kr.
1029 905 1102 933 nec
1133 906 1256 946 quenz
1287 891 1566 933 eoecusabilem
1602 891 1727 934 sciret
1758 891 1926 934 nomine

299 978 342 1001 10
361 963 679 1012 imbecillitatis,
701 977 796 1005 eum
817 962 1060 1018 definitione
1080 962 1230 1004 mortis
1250 963 1520 1005 conuenisset.

449 1049 488 1090 p.
522 1036 577 1076 98
607 1034 631 1075 l.
663 1035 716 1075 19
747 1043 908 1082 INQVIT
937 1047 968 1074 c.
995 1035 1015 1073 1
1042 1047 1174 1089 prope
1199 1033 1222 1075 f.
1252 1033 1325 1075 sed
1352 1048 1435 1074 non
1460 1033 1564 1083 ideo,
1588 1033 1738 1089 inquit,
1760 1032 1924 1081 bonum,

361 1105 464 1159 quia
495 1104 647 1146 multos
678 1103 893 1145 conuertit.
958 1103 1104 1145 Burm.
1138 1118 1192 1144 on
1227 1103 1407 1144 Phaedr.
1439 1115 1492 1144 ΙΙΙ
1523 1103 1626 1159 prol.
1655 1105 1692 1144 4.
1756 1102 1843 1145 Cio.
1877 1101 1921 1143 in

362 1175 481 1217 Vcrr.
504 1186 534 1215 V
556 1173 576 1231 ξ
599 1176 693 1216 148.
757 1174 879 1216 Brut.
902 1172 921 1230 g
950 1173 1044 1216 287.
1107 1173 1201 1215 Ati.
1225 1185 1309 1214 XIV
1335 1176 1387 1214 12
1410 1172 1429 1228 ξ
1452 1176 1488 1216 2.
1552 1174 1647 1216 qu.
1671 1176 1696 1215 3
1722 1175 1803 1215 153
1819 1188 1857 1215 n.

450 1257 536 1286 PRO
559 1257 757 1287 REGIBVS
780 1244 930 1301 Chrys.
956 1257 987 1286 X
1011 1247 1122 1287 4402.

298 1329 339 1361 15
448 1325 782 1355 POTESTATIBVS
804 1314 853 1355 cf.
877 1313 1116 1369 Lightfoo'o‚
1138 1313 1342 1369 Ignatius
1365 1326 1379 1354 Ι
1402 1329 1440 1370 p.
1466 1313 1560 1356 576.

447 1400 486 1440 p.
521 1386 576 1426 98
609 1384 632 1426 l.
667 1386 722 1425 20
756 1395 852 1425 CVM
885 1395 1004 1424 ENlM
1042 1396 1120 1426 ccv.
1164 1398 1195 1425 c.
1229 1385 1282 1424 41
1322 1399 1361 1440 p.
1397 1386 1480 1425 120
1516 1384 1539 1426 l.
1575 1386 1627 1426 23
1667 1384 1816 1439 aliqua
1851 1398 1923 1425 nos

360 1469 519 1510 quoque
534 1454 833 1510 perstrinyunt
854 1459 900 1495 ut
920 1453 1038 1495 uobis
1060 1453 1333 1495 cohaerentes

448 1536 743 1566 CONCVTITVR
776 1524 898 1566 Pind.
934 1524 1060 1580 Pyth.
1093 1526 1120 1564 4
1154 1523 1236 1565 272
1271 1527 1422 1566 σεῖσαι
1455 1522 1600 1566 πόλιν.
1665 1523 1812 1565 Lucan
1845 1535 1859 1564 1
1894 1526 1918 1565 5

358 1601 566 1637 certatam
589 1596 737 1637 totiens
759 1596 947 1637 concussi
971 1594 1133 1635 uiribus
1154 1594 1275 1636 orbis.
1340 1594 1592 1636 Woodham.

980 1765 1087 1808 CAP.
1121 1765 1303 1806 XXXII

292 1897 337 1919 20
445 1894 483 1934 p.
518 1880 572 1920 98
606 1879 629 1921 l.
665 1880 719 1920 23
752 1885 831 1920 cet.
855 1878 962 1918 from
993 1880 1016 1918 2
1040 1877 1186 1918 Thess.
1219 1878 1243 1917 2
1278 1874 1343 1918 66
1373 1875 1583 1932 κατέχων.
1646 1875 1761 1916 Diei.
1792 1874 1918 1916 Bible

358 1951 383 1991 :3
406 1964 503 2005 app.
526 1965 564 2005 p.
589 1949 690 1990 lxxv
711 1949 750 1991 b.
804 1948 873 1989 Ad
897 1948 1020 2004 Scap.
1047 1950 1070 1988 2
1093 1946 1275 2003 (quoted
1299 1961 1352 1987 on
1376 1962 1413 2002 p.
1439 1947 1494 1988 98
1518 1947 1540 1988 l.
1563 1948 1647 1999 16).
1700 1946 1766 1986 De
1790 1944 1916 1988 Carn.

358 2019 508 2060 Rcsur.
538 2021 592 2059 24
615 2020 639 2060 f.
673 2016 715 2071 (ὁ
748 2017 969 2074 κατέχων)
1001 2017 1107 2072 (luis,
1140 2017 1225 2058 nisi
1261 2016 1484 2057 Romanus
1514 2022 1661 2065 status,
1694 2016 1812 2057 cuius
1846 2014 1917 2056 ab·

357 2089 505 2131 scessio
537 2089 584 2130 in
615 2088 753 2130 decem
784 2102 901 2142 reyes
932 2087 1130 2142 dispersa
1158 2085 1422 2127 Antichristi
1457 2086 1731 2141 superducet?
1792 2084 1916 2140 Apol.

357 2175 388 2202 c.
413 2162 468 2201 39
492 2159 674 2215 (quoted
696 2159 862 2209 below).
927 2157 990 2200 Cf.
1025 2158 1163 2198 Bluni
1196 2156 1335 2213 Rigl1⁴o
1362 2157 1453 2198 Use
1475 2172 1514 2213 p.
1541 2158 1636 2206 192,
1658 2172 1696 2198 n.
1722 2158 1746 2198 6
1770 2156 1855 2197 and
1879 2155 1916 2197 7.

293 2243 336 2274 25
358 2231 469 2286 Aug.
493 2230 559 2271 De
583 2229 679 2272 Ciu.
702 2229 786 2270 Dei
810 2240 875 2269 XX
902 2230 965 2270 19.
1029 2227 1217 2281 [Ambr]
1240 2227 1295 2268 ad
1319 2228 1395 2283 Ep.
1425 2229 1448 2268 2
1478 2227 1532 2268 ad
1563 2227 1708 2268 Thess.
1741 2228 1776 2268 2.
1803 2229 1915 2267 1-4

359 2315 438 2341 non
465 2300 594 2355 prius
625 2299 762 2341 ueniet
795 2299 1002 2346 (lominus,
1029 2313 1158 2353 quam
1189 2298 1311 2352 refflni
1342 2298 1533 2339 Romani
1563 2297 1739 2353 defectio
1763 2298 1848 2352 fiat
1879 2302 1917 2338 et

359 2376 572 2424 appareat
603 2369 907 2417 Antichristus,
942 2368 1015 2423 qui
1045 2367 1268 2423 interficiet
1299 2374 1473 2416 sanctos,
1507 2367 1674 2409 reddita
1706 2367 1916 2409 Romanis

359 2440 561 2489 libertate,
585 2439 659 2481 sub
690 2453 764 2480 suo
795 2444 935 2480 tamen
960 2438 1135 2479 nomine.
1198 2437 1315 2478 Lact.
1340 2436 1439 2478 Diu.
1463 2437 1592 2479 Instt.
1617 2448 1685 2477 VH
1709 2439 1762 2478 25
1785 2437 1916 2479 etiam

360 2524 423 2551 res
445 2510 542 2563 ipsa
565 2508 759 2550 declarat
782 2508 952 2562 lapsum
975 2507 1229 2562 ruinamque
1251 2521 1398 2548 rerum
1421 2507 1540 2548 breui
1560 2507 1675 2562 fore,
1698 2507 1783 2547 nisi
1804 2506 1915 2561 quod

292 2594 338 2626 30
357 2578 563 2621 incolumi
597 2577 693 2619 urbe
726 2578 868 2618 Roma
888 2573 1009 2617 'mlau
1041 2576 1284 2628 istiusmodi
1316 2577 1486 2619 uidetur
1517 2591 1600 2618 esse
1635 2576 1914 2618 metuendum.

357 2655 402 2690 at
439 2663 534 2690 uero
570 2663 664 2689 cum
698 2653 824 2702 caput
860 2646 974 2687 illud
1011 2646 1123 2688 orbis
1155 2646 1355 2688 occiderit
1384 2653 1421 2687 et
1453 2644 1568 2701 ῥύμη
1601 2660 1684 2688 esse.
1719 2646 1912 2701 coeperit,

357 2718 466 2773 quod
497 2718 688 2774 Sibyllae
709 2717 811 2773 fore
844 2717 977 2764 (tizmt,
1007 2717 1103 2772 quis
1134 2717 1291 2758 dubitet
1326 2717 1485 2758 uenisse
1516 2717 1605 2757 iam
1630 2717 1763 2771 finem
1792 2716 1912 2758 rebus

357 2789 568 2830 Romanis
600 2788 770 2843 orbique
806 2788 1058 2829 terrarum?
1118 2787 1213 2835 illa,
1244 2786 1327 2827 illa
1350 2792 1408 2828 cst
1440 2786 1605 2835 ciuitas,
1635 2800 1741 2841 quae
1773 2785 1913 2827 adhuc

356 2864 559 2900 sustentat
602 2859 757 2908 onmia,
801 2857 1122 2913 precandusque
1162 2857 1279 2899 nobis
1320 2863 1357 2899 et
1398 2857 1648 2899 adorandus
1698 2862 1756 2898 est
1796 2856 1912 2898 Deus

293 2941 337 2973 35
357 2928 476 2977 caeli,
499 2928 536 2968 si
568 2934 708 2969 tamen
738 2933 900 2969 statuta
929 2928 1018 2969 eius
1050 2933 1087 2969 et
1111 2927 1282 2982 placita
1303 2926 1475 2982 differri
1502 2931 1692 2981 possunt,
1714 2940 1763 2967 ne
1785 2925 1912 2967 citius
