<?xml version="1.0" encoding="UTF-8"?>
<!DOCTYPE html PUBLIC "-//W3C//DTD XHTML 1.0 Transitional//EN"
    "http://www.w3.org/TR/xhtml1/DTD/xhtml1-transitional.dtd">
<html xmlns="http://www.w3.org/1999/xhtml" xml:lang="en" lang="en">
 <head>
  <title>
</title>
<meta http-equiv="Content-Type" content="text/html;charset=utf-8" />
  <meta name='ocr-system' content='tesseract 3.04.00' />
  <meta name='ocr-capabilities' content='ocr_page ocr_carea ocr_par ocr_line ocrx_word'/>
</head>
<body>
  <div class='ocr_page' id='page_1' title='image "./qseptimiflorenti00tert_0212.png"; bbox 0 0 1975 3306; ppageno 0'>
   <div class='ocr_carea' id='block_1_1' title="bbox 234 123 1801 180">
    <p class='ocr_par' dir='ltr' id='par_1_1' title="bbox 234 123 1801 180">
     <span class='ocr_line' id='line_1_1' title="bbox 234 123 1801 180; baseline 0.001 -15"><span class='ocrx_word' id='word_1_1' title='bbox 234 126 312 166; x_wconf 95' lang='lat'>188</span> <span class='ocrx_word' id='word_1_2' title='bbox 805 124 1214 166; x_wconf 86' lang='lat' dir='ltr'>TERTVLLIANI</span> <span class='ocrx_word' id='word_1_3' title='bbox 1475 126 1535 180; x_wconf 86' lang='lat' dir='ltr'>[p.</span> <span class='ocrx_word' id='word_1_4' title='bbox 1561 123 1664 166; x_wconf 86' lang='lat'>241.</span> <span class='ocrx_word' id='word_1_5' title='bbox 1692 126 1801 166; x_wconf 88' lang='lat'>19—-</span> 
     </span>
    </p>
   </div>
   <div class='ocr_carea' id='block_1_2' title="bbox 153 239 1798 2894">
    <p class='ocr_par' dir='ltr' id='par_1_2' title="bbox 226 239 1798 438">
     <span class='ocr_line' id='line_1_2' title="bbox 228 239 1798 297; baseline -0.001 -16"><span class='ocrx_word' id='word_1_6' title='bbox 228 239 454 282; x_wconf 85' lang='lat' dir='ltr'>Dirksen’s</span> <span class='ocrx_word' id='word_1_7' title='bbox 486 241 689 282; x_wconf 71' lang='lat' dir='ltr'>manuale</span> <span class='ocrx_word' id='word_1_8' title='bbox 722 240 1066 297; x_wconf 83' lang='lat' dir='ltr'>‘praescribere‚&#39;</span> <span class='ocrx_word' id='word_1_9' title='bbox 1089 240 1422 297; x_wconf 77' lang='lat' dir='ltr'>‘praescriptio&#39;</span> <span class='ocrx_word' id='word_1_10' title='bbox 1486 239 1674 281; x_wconf 85' lang='lat' dir='ltr'>Rudorff</span> <span class='ocrx_word' id='word_1_11' title='bbox 1694 245 1798 281; x_wconf 77' lang='lat' dir='ltr'>rom.</span> 
     </span>
     <span class='ocr_line' id='line_1_3' title="bbox 230 309 1798 367; baseline 0 -16"><span class='ocrx_word' id='word_1_12' title='bbox 230 310 537 367; x_wconf 80' lang='lat' dir='ltr'>Rechtsgesch.</span> <span class='ocrx_word' id='word_1_13' title='bbox 563 323 597 351; x_wconf 87' lang='grc' dir='ltr'>ΙΙ</span> <span class='ocrx_word' id='word_1_14' title='bbox 623 311 866 352; x_wconf 81' lang='lat'>117—120.</span> <span class='ocrx_word' id='word_1_15' title='bbox 927 310 1031 353; x_wconf 89' lang='lat' dir='ltr'>Cod.</span> <span class='ocrx_word' id='word_1_16' title='bbox 1060 322 1149 351; x_wconf 81' lang='lat' dir='ltr'>VIII</span> <span class='ocrx_word' id='word_1_17' title='bbox 1182 312 1238 352; x_wconf 84' lang='lat'>36</span> <span class='ocrx_word' id='word_1_18' title='bbox 1271 311 1324 352; x_wconf 88' lang='lat' dir='ltr'>de</span> <span class='ocrx_word' id='word_1_19' title='bbox 1357 309 1689 366; x_wconf 75' lang='lat' dir='ltr'>exceptionibus</span> <span class='ocrx_word' id='word_1_20' title='bbox 1721 324 1798 351; x_wconf 91' lang='lat' dir='ltr'>seu</span> 
     </span>
     <span class='ocr_line' id='line_1_4' title="bbox 226 381 1471 438; baseline 0 -15"><span class='ocrx_word' id='word_1_21' title='bbox 226 382 652 438; x_wconf 75' lang='lat' dir='ltr'>praescriptionibus.</span> <span class='ocrx_word' id='word_1_22' title='bbox 717 382 885 424; x_wconf 82' lang='lat' dir='ltr'>Gesner</span> <span class='ocrx_word' id='word_1_23' title='bbox 918 397 973 423; x_wconf 95' lang='lat' dir='ltr'>on</span> <span class='ocrx_word' id='word_1_24' title='bbox 1007 381 1194 434; x_wconf 77' lang='lat' dir='ltr'>Quintil.</span> <span class='ocrx_word' id='word_1_25' title='bbox 1228 393 1297 423; x_wconf 84' lang='lat' dir='ltr'>VII</span> <span class='ocrx_word' id='word_1_26' title='bbox 1332 384 1356 424; x_wconf 88' lang='grc'>5</span> <span class='ocrx_word' id='word_1_27' title='bbox 1388 381 1471 438; x_wconf 60' lang='grc' dir='ltr'>ξ2.</span> 
     </span>
    </p>

    <p class='ocr_par' dir='ltr' id='par_1_3' title="bbox 316 452 1370 509">
     <span class='ocr_line' id='line_1_5' title="bbox 316 452 1370 509; baseline 0 -15"><span class='ocrx_word' id='word_1_28' title='bbox 316 467 355 508; x_wconf 90' lang='lat' dir='ltr'>p.</span> <span class='ocrx_word' id='word_1_29' title='bbox 379 454 434 494; x_wconf 89' lang='grc'>24</span> <span class='ocrx_word' id='word_1_30' title='bbox 456 453 480 494; x_wconf 87' lang='lat' dir='ltr'>l.</span> <span class='ocrx_word' id='word_1_31' title='bbox 506 455 556 493; x_wconf 90' lang='grc'>21</span> <span class='ocrx_word' id='word_1_32' title='bbox 584 464 772 494; x_wconf 82' lang='lat' dir='ltr'>NEGENT</span> <span class='ocrx_word' id='word_1_33' title='bbox 795 452 923 509; x_wconf 84' lang='lat' dir='ltr'>Cypr.</span> <span class='ocrx_word' id='word_1_34' title='bbox 948 453 999 494; x_wconf 86' lang='lat' dir='ltr'>ad</span> <span class='ocrx_word' id='word_1_35' title='bbox 1026 453 1221 494; x_wconf 88' lang='lat' dir='ltr'>Demetr.</span> <span class='ocrx_word' id='word_1_36' title='bbox 1245 468 1277 494; x_wconf 91' lang='lat' dir='ltr'>c.</span> <span class='ocrx_word' id='word_1_37' title='bbox 1304 454 1370 494; x_wconf 86' lang='lat'>13.</span> 
     </span>
    </p>

    <p class='ocr_par' dir='ltr' id='par_1_4' title="bbox 186 522 1797 704">
     <span class='ocr_line' id='line_1_6' title="bbox 186 522 1797 580; baseline -0.003 -13"><span class='ocrx_word' id='word_1_38' title='bbox 186 535 206 567; x_wconf 88' lang='grc'><strong><em>5</em></strong></span> <span class='ocrx_word' id='word_1_39' title='bbox 317 533 490 563; x_wconf 79' lang='lat' dir='ltr'>CENSVS</span> <span class='ocrx_word' id='word_1_40' title='bbox 513 523 676 565; x_wconf 87' lang='lat' dir='ltr'>Oehler</span> <span class='ocrx_word' id='word_1_41' title='bbox 697 539 751 564; x_wconf 91' lang='lat' dir='ltr'>on</span> <span class='ocrx_word' id='word_1_42' title='bbox 774 523 827 565; x_wconf 88' lang='lat' dir='ltr'>de</span> <span class='ocrx_word' id='word_1_43' title='bbox 850 538 931 565; x_wconf 90' lang='lat' dir='ltr'>cor.</span> <span class='ocrx_word' id='word_1_44' title='bbox 953 525 1006 565; x_wconf 85' lang='lat'>13</span> <span class='ocrx_word' id='word_1_45' title='bbox 1022 524 1048 565; x_wconf 86' lang='lat' dir='ltr'>f.</span> <span class='ocrx_word' id='word_1_46' title='bbox 1064 524 1123 580; x_wconf 88' lang='lat' dir='ltr'>(p.</span> <span class='ocrx_word' id='word_1_47' title='bbox 1139 525 1224 565; x_wconf 90' lang='grc'>452</span> <span class='ocrx_word' id='word_1_48' title='bbox 1242 539 1282 565; x_wconf 91' lang='lat' dir='ltr'>n.</span> <span class='ocrx_word' id='word_1_49' title='bbox 1302 524 1375 576; x_wconf 83' lang='lat' dir='ltr'>u.).</span> <span class='ocrx_word' id='word_1_50' title='bbox 1427 522 1524 564; x_wconf 77' lang='lat' dir='ltr'>adu.</span> <span class='ocrx_word' id='word_1_51' title='bbox 1545 523 1751 578; x_wconf 86' lang='lat' dir='ltr'>Hermog.</span> <span class='ocrx_word' id='word_1_52' title='bbox 1771 523 1797 562; x_wconf 83' lang='lat'>4</span> 
     </span>
     <span class='ocr_line' id='line_1_7' title="bbox 226 592 1797 650; baseline 0.001 -18"><span class='ocrx_word' id='word_1_53' title='bbox 226 606 287 647; x_wconf 90' lang='lat' dir='ltr'>pr.</span> <span class='ocrx_word' id='word_1_54' title='bbox 311 592 406 648; x_wconf 76' lang='lat' dir='ltr'>quis</span> <span class='ocrx_word' id='word_1_55' title='bbox 428 593 542 634; x_wconf 68' lang='lat' dir='ltr'>enim</span> <span class='ocrx_word' id='word_1_56' title='bbox 570 593 687 634; x_wconf 74' lang='lat' dir='ltr'>alius</span> <span class='ocrx_word' id='word_1_57' title='bbox 716 593 800 635; x_wconf 78' lang='lat' dir='ltr'>Dei</span> <span class='ocrx_word' id='word_1_58' title='bbox 828 608 985 643; x_wconf 72' lang='lat' dir='ltr'>census,</span> <span class='ocrx_word' id='word_1_59' title='bbox 1011 609 1142 650; x_wconf 76' lang='lat' dir='ltr'>quam</span> <span class='ocrx_word' id='word_1_60' title='bbox 1170 594 1435 636; x_wconf 72' lang='lat' dir='ltr'>aeternitas?</span> <span class='ocrx_word' id='word_1_61' title='bbox 1496 593 1635 635; x_wconf 88' lang='lat' dir='ltr'>Blunt</span> <span class='ocrx_word' id='word_1_62' title='bbox 1658 592 1797 649; x_wconf 86' lang='lat' dir='ltr'>Right</span> 
     </span>
     <span class='ocr_line' id='line_1_8' title="bbox 227 661 527 704; baseline 0.003 -1"><span class='ocrx_word' id='word_1_63' title='bbox 227 661 318 704; x_wconf 92' lang='lat' dir='ltr'>Use</span> <span class='ocrx_word' id='word_1_64' title='bbox 341 662 527 704; x_wconf 83' lang='lat'>377—8.</span> 
     </span>
    </p>

    <p class='ocr_par' dir='ltr' id='par_1_5' title="bbox 314 732 1439 860">
     <span class='ocr_line' id='line_1_9' title="bbox 314 732 1112 788; baseline 0.003 -16"><span class='ocrx_word' id='word_1_65' title='bbox 314 746 353 788; x_wconf 91' lang='lat' dir='ltr'>p.</span> <span class='ocrx_word' id='word_1_66' title='bbox 378 733 433 772; x_wconf 84' lang='grc'>24</span> <span class='ocrx_word' id='word_1_67' title='bbox 456 732 480 773; x_wconf 94' lang='lat' dir='ltr'>l.</span> <span class='ocrx_word' id='word_1_68' title='bbox 505 734 559 773; x_wconf 93' lang='grc'>22</span> <span class='ocrx_word' id='word_1_69' title='bbox 583 744 882 774; x_wconf 81' lang='lat' dir='ltr'>DISCIPLINAE</span> <span class='ocrx_word' id='word_1_70' title='bbox 905 735 929 774; x_wconf 94' lang='grc'>2</span> <span class='ocrx_word' id='word_1_71' title='bbox 954 735 1008 775; x_wconf 84' lang='grc'>39</span> <span class='ocrx_word' id='word_1_72' title='bbox 1032 739 1112 774; x_wconf 86' lang='lat' dir='ltr'>etc.</span> 
     </span>
     <span class='ocr_line' id='line_1_10' title="bbox 315 803 1439 860; baseline 0.002 -18"><span class='ocrx_word' id='word_1_73' title='bbox 315 813 503 844; x_wconf 75' lang='lat' dir='ltr'><strong>TIBERIO</strong></span> <span class='ocrx_word' id='word_1_74' title='bbox 524 817 556 844; x_wconf 89' lang='lat' dir='ltr'>c.</span> <span class='ocrx_word' id='word_1_75' title='bbox 582 804 634 843; x_wconf 92' lang='grc'>21</span> <span class='ocrx_word' id='word_1_76' title='bbox 660 818 721 859; x_wconf 88' lang='lat' dir='ltr'>pr.</span> <span class='ocrx_word' id='word_1_77' title='bbox 745 818 783 859; x_wconf 89' lang='lat' dir='ltr'>p.</span> <span class='ocrx_word' id='word_1_78' title='bbox 809 804 863 845; x_wconf 87' lang='grc'>66</span> <span class='ocrx_word' id='word_1_79' title='bbox 887 803 912 845; x_wconf 90' lang='lat' dir='ltr'>l.</span> <span class='ocrx_word' id='word_1_80' title='bbox 938 806 1004 845; x_wconf 90' lang='lat'>15.</span> <span class='ocrx_word' id='word_1_81' title='bbox 1026 818 1059 845; x_wconf 89' lang='lat' dir='ltr'>c.</span> <span class='ocrx_word' id='word_1_82' title='bbox 1084 806 1108 845; x_wconf 88' lang='grc'>5</span> <span class='ocrx_word' id='word_1_83' title='bbox 1132 818 1172 860; x_wconf 88' lang='lat' dir='ltr'>p.</span> <span class='ocrx_word' id='word_1_84' title='bbox 1197 806 1250 845; x_wconf 86' lang='lat'>18</span> <span class='ocrx_word' id='word_1_85' title='bbox 1274 803 1298 846; x_wconf 89' lang='lat' dir='ltr'>l.</span> <span class='ocrx_word' id='word_1_86' title='bbox 1323 805 1378 844; x_wconf 87' lang='grc'>24</span> <span class='ocrx_word' id='word_1_87' title='bbox 1400 818 1439 844; x_wconf 91' lang='lat' dir='ltr'>n.</span> 
     </span>
    </p>

    <p class='ocr_par' dir='ltr' id='par_1_6' title="bbox 164 873 1797 1212">
     <span class='ocr_line' id='line_1_11' title="bbox 164 873 1795 930; baseline 0 -16"><span class='ocrx_word' id='word_1_88' title='bbox 164 891 206 914; x_wconf 92' lang='lat'>10</span> <span class='ocrx_word' id='word_1_89' title='bbox 315 884 429 914; x_wconf 87' lang='lat' dir='ltr'>ODIO</span> <span class='ocrx_word' id='word_1_90' title='bbox 453 875 506 914; x_wconf 90' lang='grc'>14</span> <span class='ocrx_word' id='word_1_91' title='bbox 529 889 567 930; x_wconf 91' lang='lat' dir='ltr'>p.</span> <span class='ocrx_word' id='word_1_92' title='bbox 594 876 648 915; x_wconf 82' lang='lat'>50</span> <span class='ocrx_word' id='word_1_93' title='bbox 672 874 694 915; x_wconf 88' lang='lat' dir='ltr'>l.</span> <span class='ocrx_word' id='word_1_94' title='bbox 722 876 743 914; x_wconf 93' lang='lat'>1</span> <span class='ocrx_word' id='word_1_95' title='bbox 765 874 900 930; x_wconf 73' lang='lat' dir='ltr'>plane</span> <span class='ocrx_word' id='word_1_96' title='bbox 922 874 1038 924; x_wconf 78' lang='lat' dir='ltr'><em>olim,</em></span> <span class='ocrx_word' id='word_1_97' title='bbox 1060 875 1109 916; x_wconf 71' lang='lat' dir='ltr'>id</span> <span class='ocrx_word' id='word_1_98' title='bbox 1131 880 1191 917; x_wconf 88' lang='lat' dir='ltr'>est</span> <span class='ocrx_word' id='word_1_99' title='bbox 1211 889 1389 930; x_wconf 81' lang='lat' dir='ltr'>semper,</span> <span class='ocrx_word' id='word_1_100' title='bbox 1411 873 1578 915; x_wconf 71' lang='lat' dir='ltr'>ueritas</span> <span class='ocrx_word' id='word_1_101' title='bbox 1600 873 1695 915; x_wconf 77' lang='lat' dir='ltr'><em>odio</em></span> <span class='ocrx_word' id='word_1_102' title='bbox 1725 878 1795 915; x_wconf 86' lang='lat' dir='ltr'>est.</span> 
     </span>
     <span class='ocr_line' id='line_1_12' title="bbox 227 942 1797 1000; baseline 0.001 -17"><span class='ocrx_word' id='word_1_103' title='bbox 227 942 322 984; x_wconf 87' lang='lat' dir='ltr'>infr.</span> <span class='ocrx_word' id='word_1_104' title='bbox 347 945 402 985; x_wconf 87' lang='grc'>46</span> <span class='ocrx_word' id='word_1_105' title='bbox 435 944 482 985; x_wconf 72' lang='lat' dir='ltr'>iu</span> <span class='ocrx_word' id='word_1_106' title='bbox 511 950 719 1000; x_wconf 75' lang='lat' dir='ltr'>quantum</span> <span class='ocrx_word' id='word_1_107' title='bbox 749 944 845 987; x_wconf 78' lang='lat' dir='ltr'>odio</span> <span class='ocrx_word' id='word_1_108' title='bbox 867 945 1039 1000; x_wconf 67' lang='lat' dir='ltr'>flayrat</span> <span class='ocrx_word' id='word_1_109' title='bbox 1067 945 1243 994; x_wconf 76' lang='lat' dir='ltr'>ueritas,</span> <span class='ocrx_word' id='word_1_110' title='bbox 1265 945 1308 986; x_wconf 73' lang='lat' dir='ltr'>in</span> <span class='ocrx_word' id='word_1_111' title='bbox 1335 950 1502 987; x_wconf 64' lang='lat' dir='ltr'>tantum</span> <span class='ocrx_word' id='word_1_112' title='bbox 1531 943 1604 999; x_wconf 76' lang='lat' dir='ltr'>qm·</span> <span class='ocrx_word' id='word_1_113' title='bbox 1631 958 1726 985; x_wconf 77' lang='lat' dir='ltr'>eam</span> <span class='ocrx_word' id='word_1_114' title='bbox 1748 957 1797 985; x_wconf 68' lang='lat' dir='ltr'>ecc</span> 
     </span>
     <span class='ocr_line' id='line_1_13' title="bbox 216 1012 1795 1070; baseline -0.001 -16"><span class='ocrx_word' id='word_1_115' title='bbox 216 1012 309 1068; x_wconf 80' lang='lat' dir='ltr'>fide</span> <span class='ocrx_word' id='word_1_116' title='bbox 345 1020 545 1069; x_wconf 73' lang='lat' dir='ltr'>praestat</span> <span class='ocrx_word' id='word_1_117' title='bbox 586 1015 772 1070; x_wconf 72' lang='lat' dir='ltr'>offendit.</span> <span class='ocrx_word' id='word_1_118' title='bbox 835 1015 930 1056; x_wconf 90' lang='lat' dir='ltr'>Ter.</span> <span class='ocrx_word' id='word_1_119' title='bbox 968 1015 1103 1057; x_wconf 85' lang='lat' dir='ltr'>Andr.</span> <span class='ocrx_word' id='word_1_120' title='bbox 1142 1027 1157 1056; x_wconf 90' lang='grc' dir='ltr'>Ι</span> <span class='ocrx_word' id='word_1_121' title='bbox 1203 1017 1224 1056; x_wconf 95' lang='grc'>1</span> <span class='ocrx_word' id='word_1_122' title='bbox 1266 1017 1318 1056; x_wconf 91' lang='grc'>41</span> <span class='ocrx_word' id='word_1_123' title='bbox 1364 1016 1421 1069; x_wconf 94' lang='lat'>(=</span> <span class='ocrx_word' id='word_1_124' title='bbox 1436 1015 1511 1068; x_wconf 88' lang='grc'>68)</span> <span class='ocrx_word' id='word_1_125' title='bbox 1554 1013 1795 1068; x_wconf 75' lang='lat' dir='ltr'>obsequium</span> 
     </span>
     <span class='ocr_line' id='line_1_14' title="bbox 226 1083 1794 1140; baseline 0.001 -16"><span class='ocrx_word' id='word_1_126' title='bbox 226 1083 396 1133; x_wconf 74' lang='lat' dir='ltr'>amicos,</span> <span class='ocrx_word' id='word_1_127' title='bbox 425 1084 590 1126; x_wconf 76' lang='lat' dir='ltr'>ueritas</span> <span class='ocrx_word' id='word_1_128' title='bbox 618 1085 767 1127; x_wconf 79' lang='lat' dir='ltr'><em>odium</em></span> <span class='ocrx_word' id='word_1_129' title='bbox 791 1085 927 1140; x_wconf 77' lang='lat' dir='ltr'>parit,</span> <span class='ocrx_word' id='word_1_130' title='bbox 954 1085 1097 1127; x_wconf 91' lang='lat' dir='ltr'>where</span> <span class='ocrx_word' id='word_1_131' title='bbox 1121 1084 1358 1126; x_wconf 88' lang='lat' dir='ltr'>Lindenbr.</span> <span class='ocrx_word' id='word_1_132' title='bbox 1380 1084 1488 1126; x_wconf 88' lang='lat' dir='ltr'>cites</span> <span class='ocrx_word' id='word_1_133' title='bbox 1510 1083 1630 1125; x_wconf 81' lang='lat' dir='ltr'>Lact.</span> <span class='ocrx_word' id='word_1_134' title='bbox 1653 1095 1684 1123; x_wconf 89' lang='lat' dir='ltr'>V</span> <span class='ocrx_word' id='word_1_135' title='bbox 1708 1085 1732 1125; x_wconf 85' lang='lat'>9</span> <span class='ocrx_word' id='word_1_136' title='bbox 1757 1084 1794 1125; x_wconf 83' lang='lat'>6.</span> 
     </span>
     <span class='ocr_line' id='line_1_15' title="bbox 227 1153 1792 1212; baseline 0.001 -18"><span class='ocrx_word' id='word_1_137' title='bbox 227 1153 349 1209; x_wconf 82' lang='lat' dir='ltr'>Sulp.</span> <span class='ocrx_word' id='word_1_138' title='bbox 372 1153 473 1196; x_wconf 84' lang='lat' dir='ltr'>Seu.</span> <span class='ocrx_word' id='word_1_139' title='bbox 492 1155 605 1212; x_wconf 82' lang='lat' dir='ltr'>Aug.</span> <span class='ocrx_word' id='word_1_140' title='bbox 629 1162 710 1197; x_wconf 87' lang='lat' dir='ltr'>etc.</span> <span class='ocrx_word' id='word_1_141' title='bbox 763 1155 872 1197; x_wconf 87' lang='lat' dir='ltr'>Otto</span> <span class='ocrx_word' id='word_1_142' title='bbox 896 1155 1214 1212; x_wconf 76' lang='lat' dir='ltr'>Sprichworter</span> <span class='ocrx_word' id='word_1_143' title='bbox 1235 1157 1320 1198; x_wconf 85' lang='grc'>368</span> <span class='ocrx_word' id='word_1_144' title='bbox 1343 1155 1495 1209; x_wconf 89' lang='lat' dir='ltr'>(omits</span> <span class='ocrx_word' id='word_1_145' title='bbox 1517 1154 1792 1207; x_wconf 84' lang='lat' dir='ltr'>Tertullian).</span> 
     </span>
    </p>

    <p class='ocr_par' dir='ltr' id='par_1_7' title="bbox 162 1223 1793 1335">
     <span class='ocr_line' id='line_1_16' title="bbox 162 1223 1793 1281; baseline 0 -15"><span class='ocrx_word' id='word_1_146' title='bbox 162 1235 202 1266; x_wconf 89' lang='lat'>15</span> <span class='ocrx_word' id='word_1_147' title='bbox 227 1223 345 1280; x_wconf 84' lang='lat' dir='ltr'>Orig.</span> <span class='ocrx_word' id='word_1_148' title='bbox 383 1239 415 1265; x_wconf 90' lang='lat' dir='ltr'>c.</span> <span class='ocrx_word' id='word_1_149' title='bbox 456 1224 565 1266; x_wconf 86' lang='lat' dir='ltr'>Cels.</span> <span class='ocrx_word' id='word_1_150' title='bbox 604 1237 654 1266; x_wconf 77' lang='lat' dir='ltr'>VI</span> <span class='ocrx_word' id='word_1_151' title='bbox 694 1224 747 1267; x_wconf 89' lang='grc'>27</span> <span class='ocrx_word' id='word_1_152' title='bbox 787 1226 812 1267; x_wconf 88' lang='lat' dir='ltr'>f.</span> <span class='ocrx_word' id='word_1_153' title='bbox 856 1240 975 1267; x_wconf 87' lang='lat' dir='ltr'>some</span> <span class='ocrx_word' id='word_1_154' title='bbox 1014 1225 1156 1267; x_wconf 89' lang='lat' dir='ltr'>would</span> <span class='ocrx_word' id='word_1_155' title='bbox 1193 1231 1269 1267; x_wconf 94' lang='lat' dir='ltr'>not</span> <span class='ocrx_word' id='word_1_156' title='bbox 1312 1240 1421 1267; x_wconf 89' lang='lat' dir='ltr'>even</span> <span class='ocrx_word' id='word_1_157' title='bbox 1463 1225 1598 1281; x_wconf 85' lang='lat' dir='ltr'>speak</span> <span class='ocrx_word' id='word_1_158' title='bbox 1635 1231 1680 1266; x_wconf 92' lang='lat' dir='ltr'>to</span> <span class='ocrx_word' id='word_1_159' title='bbox 1717 1224 1793 1266; x_wconf 90' lang='lat' dir='ltr'>the</span> 
     </span>
     <span class='ocr_line' id='line_1_17' title="bbox 226 1292 482 1335; baseline 0.004 -1"><span class='ocrx_word' id='word_1_160' title='bbox 226 1292 482 1335; x_wconf 72' lang='lat' dir='ltr'>Christians.</span> 
     </span>
    </p>

    <p class='ocr_par' dir='ltr' id='par_1_8' title="bbox 224 1364 1794 1563">
     <span class='ocr_line' id='line_1_18' title="bbox 313 1364 1793 1422; baseline 0 -17"><span class='ocrx_word' id='word_1_161' title='bbox 313 1379 351 1419; x_wconf 90' lang='lat' dir='ltr'>p.</span> <span class='ocrx_word' id='word_1_162' title='bbox 377 1366 432 1405; x_wconf 85' lang='grc'>24</span> <span class='ocrx_word' id='word_1_163' title='bbox 456 1365 479 1405; x_wconf 92' lang='lat' dir='ltr'>l.</span> <span class='ocrx_word' id='word_1_164' title='bbox 505 1366 560 1406; x_wconf 88' lang='grc'>24</span> <span class='ocrx_word' id='word_1_165' title='bbox 584 1376 749 1406; x_wconf 83' lang='lat' dir='ltr'><strong>IVDAEI</strong></span> <span class='ocrx_word' id='word_1_166' title='bbox 783 1365 941 1407; x_wconf 90' lang='lat' dir='ltr'>Iustin.</span> <span class='ocrx_word' id='word_1_167' title='bbox 972 1380 1003 1407; x_wconf 92' lang='lat' dir='ltr'>c.</span> <span class='ocrx_word' id='word_1_168' title='bbox 1028 1365 1247 1421; x_wconf 82' lang='lat' dir='ltr'>Tryphon.</span> <span class='ocrx_word' id='word_1_169' title='bbox 1273 1364 1325 1406; x_wconf 85' lang='lat'>17</span> <span class='ocrx_word' id='word_1_170' title='bbox 1358 1367 1416 1422; x_wconf 91' lang='lat' dir='ltr'>(p.</span> <span class='ocrx_word' id='word_1_171' title='bbox 1445 1366 1547 1406; x_wconf 74' lang='grc' dir='ltr'>234Θ</span> <span class='ocrx_word' id='word_1_172' title='bbox 1576 1365 1625 1406; x_wconf 90' lang='lat' dir='ltr'>cf.</span> <span class='ocrx_word' id='word_1_173' title='bbox 1653 1380 1684 1406; x_wconf 88' lang='lat' dir='ltr'>c.</span> <span class='ocrx_word' id='word_1_174' title='bbox 1710 1366 1793 1406; x_wconf 88' lang='lat'>108</span> 
     </span>
     <span class='ocr_line' id='line_1_19' title="bbox 224 1435 1794 1493; baseline 0.001 -18"><span class='ocrx_word' id='word_1_175' title='bbox 224 1449 261 1490; x_wconf 94' lang='lat' dir='ltr'>p.</span> <span class='ocrx_word' id='word_1_176' title='bbox 297 1436 419 1488; x_wconf 76' lang='lat'>3350)</span> <span class='ocrx_word' id='word_1_177' title='bbox 453 1436 567 1477; x_wconf 82' lang='lat' dir='ltr'>after</span> <span class='ocrx_word' id='word_1_178' title='bbox 599 1435 675 1477; x_wconf 90' lang='lat' dir='ltr'>the</span> <span class='ocrx_word' id='word_1_179' title='bbox 710 1436 1002 1478; x_wconf 69' lang='lat' dir='ltr'>resurrection</span> <span class='ocrx_word' id='word_1_180' title='bbox 1037 1437 1113 1478; x_wconf 92' lang='lat' dir='ltr'>the</span> <span class='ocrx_word' id='word_1_181' title='bbox 1147 1437 1276 1486; x_wconf 82' lang='lat' dir='ltr'>Jews,</span> <span class='ocrx_word' id='word_1_182' title='bbox 1310 1437 1374 1478; x_wconf 78' lang='lat' dir='ltr'>far</span> <span class='ocrx_word' id='word_1_183' title='bbox 1406 1437 1514 1478; x_wconf 87' lang='lat' dir='ltr'>from</span> <span class='ocrx_word' id='word_1_184' title='bbox 1548 1435 1794 1493; x_wconf 83' lang='lat' dir='ltr'>repenting,</span> 
     </span>
     <span class='ocr_line' id='line_1_20' title="bbox 225 1502 1794 1563; baseline 0.002 -18"><span class='ocrx_word' id='word_1_185' title='bbox 225 1502 386 1559; x_wconf 74' lang='grc' dir='ltr'>ἄνδρας</span> <span class='ocrx_word' id='word_1_186' title='bbox 404 1504 640 1550; x_wconf 68' lang='grc' dir='ltr'>ἐκλεκτοὺς</span> <span class='ocrx_word' id='word_1_187' title='bbox 659 1504 750 1548; x_wconf 85' lang='grc' dir='ltr'>ἀπὸ</span> <span class='ocrx_word' id='word_1_188' title='bbox 763 1504 1066 1561; x_wconf 77' lang='grc' dir='ltr'>Ἰερουσαλὴμ</span> <span class='ocrx_word' id='word_1_189' title='bbox 1083 1507 1368 1561; x_wconf 78' lang='grc' dir='ltr'>ἐκλεξάμενοι</span> <span class='ocrx_word' id='word_1_190' title='bbox 1386 1506 1488 1549; x_wconf 87' lang='grc' dir='ltr'>τότε</span> <span class='ocrx_word' id='word_1_191' title='bbox 1504 1506 1794 1563; x_wconf 73' lang='grc' dir='ltr'>ἐξεπέμψατε</span> 
     </span>
    </p>

    <p class='ocr_par' dir='ltr' id='par_1_9' title="bbox 160 1575 1791 1896">
     <span class='ocr_line' id='line_1_21' title="bbox 160 1575 1791 1633; baseline 0.001 -17"><span class='ocrx_word' id='word_1_192' title='bbox 160 1594 204 1616; x_wconf 90' lang='lat'>20</span> <span class='ocrx_word' id='word_1_193' title='bbox 225 1575 285 1621; x_wconf 73' lang='grc' dir='ltr'>εἰς</span> <span class='ocrx_word' id='word_1_194' title='bbox 307 1578 464 1618; x_wconf 85' lang='grc' dir='ltr'>πᾶσαν</span> <span class='ocrx_word' id='word_1_195' title='bbox 487 1575 566 1630; x_wconf 85' lang='grc' dir='ltr'>τὴν</span> <span class='ocrx_word' id='word_1_196' title='bbox 587 1580 670 1630; x_wconf 64' lang='grc' dir='ltr'>Ργῆν</span> <span class='ocrx_word' id='word_1_197' title='bbox 698 1576 905 1632; x_wconf 65' lang='grc' dir='ltr'>λέγοντες</span> <span class='ocrx_word' id='word_1_198' title='bbox 931 1576 1107 1632; x_wconf 78' lang='grc' dir='ltr'>αἵρεσιν</span> <span class='ocrx_word' id='word_1_199' title='bbox 1133 1577 1261 1620; x_wconf 80' lang='grc' dir='ltr'>ἄθεον</span> <span class='ocrx_word' id='word_1_200' title='bbox 1289 1579 1578 1633; x_wconf 81' lang='grc' dir='ltr'>Χριστιανῶν</span> <span class='ocrx_word' id='word_1_201' title='bbox 1599 1575 1791 1632; x_wconf 83' lang='grc' dir='ltr'>πεφηνέ-</span> 
     </span>
     <span class='ocr_line' id='line_1_22' title="bbox 224 1644 1791 1703; baseline 0.004 -17"><span class='ocrx_word' id='word_1_202' title='bbox 224 1663 306 1693; x_wconf 87' lang='grc' dir='ltr'>ναι,</span> <span class='ocrx_word' id='word_1_203' title='bbox 331 1644 657 1701; x_wconf 69' lang='grc' dir='ltr'>καταλέγοντες</span> <span class='ocrx_word' id='word_1_204' title='bbox 680 1664 728 1690; x_wconf 85' lang='grc' dir='ltr'>τε</span> <span class='ocrx_word' id='word_1_205' title='bbox 750 1651 894 1690; x_wconf 90' lang='grc' dir='ltr'>ταῦτα</span> <span class='ocrx_word' id='word_1_206' title='bbox 916 1646 1029 1703; x_wconf 69' lang='grc' dir='ltr'>ὅπερ</span> <span class='ocrx_word' id='word_1_207' title='bbox 1054 1647 1153 1690; x_wconf 83' lang='grc' dir='ltr'>καθ’</span> <span class='ocrx_word' id='word_1_208' title='bbox 1176 1649 1300 1701; x_wconf 87' lang='grc' dir='ltr'>ἡμῶν</span> <span class='ocrx_word' id='word_1_209' title='bbox 1329 1646 1374 1689; x_wconf 85' lang='grc' dir='ltr'>οἱ</span> <span class='ocrx_word' id='word_1_210' title='bbox 1393 1648 1654 1702; x_wconf 68' lang='grc' dir='ltr'>ἀγνοοῦντες</span> <span class='ocrx_word' id='word_1_211' title='bbox 1677 1648 1791 1701; x_wconf 66' lang='grc' dir='ltr'>ἡμᾶς</span> 
     </span>
     <span class='ocr_line' id='line_1_23' title="bbox 223 1713 1789 1774; baseline 0.003 -20"><span class='ocrx_word' id='word_1_212' title='bbox 223 1713 387 1759; x_wconf 76' lang='grc' dir='ltr'>πάντες</span> <span class='ocrx_word' id='word_1_213' title='bbox 415 1715 643 1768; x_wconf 65' lang='grc' dir='ltr'>λέγουσιν.</span> <span class='ocrx_word' id='word_1_214' title='bbox 706 1716 799 1758; x_wconf 89' lang='lat' dir='ltr'>The</span> <span class='ocrx_word' id='word_1_215' title='bbox 825 1717 944 1759; x_wconf 82' lang='lat' dir='ltr'>Jews</span> <span class='ocrx_word' id='word_1_216' title='bbox 965 1718 1208 1774; x_wconf 81' lang='lat' dir='ltr'>(Bingham</span> <span class='ocrx_word' id='word_1_217' title='bbox 1231 1730 1322 1760; x_wconf 86' lang='lat' dir='ltr'>XIII</span> <span class='ocrx_word' id='word_1_218' title='bbox 1346 1721 1370 1760; x_wconf 89' lang='grc'>5</span> <span class='ocrx_word' id='word_1_219' title='bbox 1395 1720 1442 1772; x_wconf 87' lang='grc'>4)</span> <span class='ocrx_word' id='word_1_220' title='bbox 1464 1718 1617 1760; x_wconf 88' lang='lat' dir='ltr'>cursed</span> <span class='ocrx_word' id='word_1_221' title='bbox 1641 1717 1789 1760; x_wconf 85' lang='lat' dir='ltr'>Chris-</span> 
     </span>
     <span class='ocr_line' id='line_1_24' title="bbox 221 1783 1788 1844; baseline 0.003 -20"><span class='ocrx_word' id='word_1_222' title='bbox 221 1783 336 1825; x_wconf 74' lang='lat' dir='ltr'>tians</span> <span class='ocrx_word' id='word_1_223' title='bbox 378 1784 424 1825; x_wconf 93' lang='lat' dir='ltr'>in</span> <span class='ocrx_word' id='word_1_224' title='bbox 466 1785 583 1826; x_wconf 86' lang='lat' dir='ltr'>their</span> <span class='ocrx_word' id='word_1_225' title='bbox 623 1801 908 1843; x_wconf 83' lang='lat' dir='ltr'>synagogues.</span> <span class='ocrx_word' id='word_1_226' title='bbox 972 1787 1081 1829; x_wconf 88' lang='lat' dir='ltr'>Iust.</span> <span class='ocrx_word' id='word_1_227' title='bbox 1120 1803 1153 1829; x_wconf 88' lang='lat' dir='ltr'>c.</span> <span class='ocrx_word' id='word_1_228' title='bbox 1188 1788 1258 1830; x_wconf 89' lang='lat' dir='ltr'>Tr.</span> <span class='ocrx_word' id='word_1_229' title='bbox 1298 1790 1351 1830; x_wconf 88' lang='grc'>16</span> <span class='ocrx_word' id='word_1_230' title='bbox 1390 1789 1414 1830; x_wconf 91' lang='lat' dir='ltr'>f.</span> <span class='ocrx_word' id='word_1_231' title='bbox 1458 1804 1497 1844; x_wconf 88' lang='lat' dir='ltr'>p.</span> <span class='ocrx_word' id='word_1_232' title='bbox 1537 1790 1639 1830; x_wconf 73' lang='grc' dir='ltr'>234Ο</span> <span class='ocrx_word' id='word_1_233' title='bbox 1684 1787 1788 1829; x_wconf 87' lang='lat' dir='ltr'>with</span> 
     </span>
     <span class='ocr_line' id='line_1_25' title="bbox 222 1853 435 1896; baseline 0.005 -1"><span class='ocrx_word' id='word_1_234' title='bbox 222 1853 364 1896; x_wconf 90' lang='lat' dir='ltr'>Otto&#39;s</span> <span class='ocrx_word' id='word_1_235' title='bbox 396 1870 435 1896; x_wconf 94' lang='lat' dir='ltr'>n.</span> 
     </span>
    </p>

    <p class='ocr_par' dir='ltr' id='par_1_10' title="bbox 158 1926 1789 2266">
     <span class='ocr_line' id='line_1_26' title="bbox 158 1926 1784 1980; baseline 0.001 -12"><span class='ocrx_word' id='word_1_236' title='bbox 158 1936 200 1968; x_wconf 84' lang='lat'>25</span> <span class='ocrx_word' id='word_1_237' title='bbox 310 1939 348 1980; x_wconf 91' lang='lat' dir='ltr'>p.</span> <span class='ocrx_word' id='word_1_238' title='bbox 374 1927 429 1966; x_wconf 88' lang='grc'>24</span> <span class='ocrx_word' id='word_1_239' title='bbox 453 1926 476 1967; x_wconf 94' lang='lat' dir='ltr'>l.</span> <span class='ocrx_word' id='word_1_240' title='bbox 503 1927 556 1967; x_wconf 86' lang='grc'>25</span> <span class='ocrx_word' id='word_1_241' title='bbox 581 1938 899 1969; x_wconf 73' lang='lat' dir='ltr'>cochssmNE</span> <span class='ocrx_word' id='word_1_242' title='bbox 922 1928 1155 1970; x_wconf 79' lang='lat' dir='ltr'>blackmail</span> <span class='ocrx_word' id='word_1_243' title='bbox 1180 1929 1283 1972; x_wconf 87' lang='lat' dir='ltr'>Cod.</span> <span class='ocrx_word' id='word_1_244' title='bbox 1307 1929 1576 1972; x_wconf 78' lang='lat' dir='ltr'>Theod.VI11</span> <span class='ocrx_word' id='word_1_245' title='bbox 1601 1931 1666 1971; x_wconf 85' lang='lat'>10.</span> <span class='ocrx_word' id='word_1_246' title='bbox 1691 1941 1743 1970; x_wconf 82' lang='lat' dir='ltr'>XI</span> <span class='ocrx_word' id='word_1_247' title='bbox 1762 1929 1784 1970; x_wconf 88' lang='lat'><strong>7</strong></span> 
     </span>
     <span class='ocr_line' id='line_1_27' title="bbox 219 1991 1786 2056; baseline 0.003 -22"><span class='ocrx_word' id='word_1_248' title='bbox 219 1991 293 2050; x_wconf 64' lang='lat' dir='ltr'>§L</span> <span class='ocrx_word' id='word_1_249' title='bbox 358 2010 619 2037; x_wconf 83' lang='lat' dir='ltr'>concussura</span> <span class='ocrx_word' id='word_1_250' title='bbox 649 1996 844 2038; x_wconf 87' lang='lat' dir='ltr'>militum</span> <span class='ocrx_word' id='word_1_251' title='bbox 876 2004 1002 2039; x_wconf 78' lang='lat' dir='ltr'>mart.</span> <span class='ocrx_word' id='word_1_252' title='bbox 1036 1998 1208 2055; x_wconf 74' lang='lat' dir='ltr'>Pei-pet.</span> <span class='ocrx_word' id='word_1_253' title='bbox 1238 2011 1292 2040; x_wconf 87' lang='grc' dir='ltr'>ΙΙΙ</span> <span class='ocrx_word' id='word_1_254' title='bbox 1321 2015 1362 2056; x_wconf 93' lang='lat' dir='ltr'>p.</span> <span class='ocrx_word' id='word_1_255' title='bbox 1393 2000 1448 2041; x_wconf 84' lang='grc'>64</span> <span class='ocrx_word' id='word_1_256' title='bbox 1480 2001 1544 2041; x_wconf 90' lang='grc'>13.</span> <span class='ocrx_word' id='word_1_257' title='bbox 1608 1999 1712 2054; x_wconf 82' lang='lat' dir='ltr'>fuga</span> <span class='ocrx_word' id='word_1_258' title='bbox 1741 1998 1786 2039; x_wconf 82' lang='lat' dir='ltr'>in</span> 
     </span>
     <span class='ocr_line' id='line_1_28' title="bbox 219 2067 1789 2122; baseline 0.004 -17"><span class='ocrx_word' id='word_1_259' title='bbox 219 2079 328 2120; x_wconf 89' lang='lat' dir='ltr'>pers.</span> <span class='ocrx_word' id='word_1_260' title='bbox 350 2067 402 2106; x_wconf 92' lang='grc'>12</span> <span class='ocrx_word' id='word_1_261' title='bbox 425 2081 560 2122; x_wconf 90' lang='lat' dir='ltr'>prope</span> <span class='ocrx_word' id='word_1_262' title='bbox 584 2067 622 2115; x_wconf 87' lang='lat' dir='ltr'>f.‚</span> <span class='ocrx_word' id='word_1_263' title='bbox 640 2067 765 2108; x_wconf 78' lang='lat' dir='ltr'>miles</span> <span class='ocrx_word' id='word_1_264' title='bbox 789 2083 852 2109; x_wconf 83' lang='lat' dir='ltr'>me</span> <span class='ocrx_word' id='word_1_265' title='bbox 872 2068 942 2110; x_wconf 78' lang='lat' dir='ltr'>uel</span> <span class='ocrx_word' id='word_1_266' title='bbox 965 2069 1133 2111; x_wconf 79' lang='lat' dir='ltr'>delator</span> <span class='ocrx_word' id='word_1_267' title='bbox 1154 2071 1222 2112; x_wconf 73' lang='lat' dir='ltr'>uel</span> <span class='ocrx_word' id='word_1_268' title='bbox 1242 2071 1447 2113; x_wconf 73' lang='lat' dir='ltr'>inimicus</span> <span class='ocrx_word' id='word_1_269' title='bbox 1468 2071 1659 2118; x_wconf 72' lang='lat' dir='ltr'>concutit,</span> <span class='ocrx_word' id='word_1_270' title='bbox 1678 2070 1789 2112; x_wconf 67' lang='lat' dir='ltr'><em>nihil</em></span> 
     </span>
     <span class='ocr_line' id='line_1_29' title="bbox 221 2133 1787 2195; baseline 0.004 -20"><span class='ocrx_word' id='word_1_271' title='bbox 221 2133 400 2176; x_wconf 63' lang='lat' dir='ltr'>Caesari</span> <span class='ocrx_word' id='word_1_272' title='bbox 429 2136 608 2191; x_wconf 68' lang='lat' dir='ltr'>eoez&#39;yens,</span> <span class='ocrx_word' id='word_1_273' title='bbox 637 2136 767 2179; x_wconf 75' lang='lat' dir='ltr'>immo</span> <span class='ocrx_word' id='word_1_274' title='bbox 797 2144 946 2179; x_wconf 74' lang='lat' dir='ltr'>contra</span> <span class='ocrx_word' id='word_1_275' title='bbox 966 2139 1152 2195; x_wconf 73' lang='lat' dir='ltr'>faciens,</span> <span class='ocrx_word' id='word_1_276' title='bbox 1181 2155 1276 2182; x_wconf 76' lang='lat' dir='ltr'>cum</span> <span class='ocrx_word' id='word_1_277' title='bbox 1306 2139 1600 2181; x_wconf 71' lang='lat' dir='ltr'>Christianum</span> <span class='ocrx_word' id='word_1_278' title='bbox 1629 2140 1787 2195; x_wconf 71' lang='lat' dir='ltr'>leyibus</span> 
     </span>
     <span class='ocr_line' id='line_1_30' title="bbox 219 2203 1783 2266; baseline 0.004 -22"><span class='ocrx_word' id='word_1_279' title='bbox 219 2203 420 2246; x_wconf 69' lang='lat' dir='ltr'>Immanis</span> <span class='ocrx_word' id='word_1_280' title='bbox 449 2221 583 2255; x_wconf 75' lang='lat' dir='ltr'>reum,</span> <span class='ocrx_word' id='word_1_281' title='bbox 613 2207 802 2249; x_wconf 80' lang='lat' dir='ltr'>mercede</span> <span class='ocrx_word' id='word_1_282' title='bbox 834 2207 1025 2250; x_wconf 63' lang='lat' dir='ltr'>dimittit.</span> <span class='ocrx_word' id='word_1_283' title='bbox 1088 2209 1144 2251; x_wconf 90' lang='lat' dir='ltr'>ib.</span> <span class='ocrx_word' id='word_1_284' title='bbox 1170 2212 1224 2252; x_wconf 91' lang='grc'>13</span> <span class='ocrx_word' id='word_1_285' title='bbox 1257 2225 1317 2266; x_wconf 92' lang='lat' dir='ltr'>pr.</span> <span class='ocrx_word' id='word_1_286' title='bbox 1348 2210 1562 2266; x_wconf 83' lang='lat' dir='ltr'>(wrongly</span> <span class='ocrx_word' id='word_1_287' title='bbox 1582 2209 1783 2265; x_wconf 81' lang='lat' dir='ltr'>assigned</span> 
     </span>
    </p>

    <p class='ocr_par' dir='ltr' id='par_1_11' title="bbox 154 2274 1783 2406">
     <span class='ocr_line' id='line_1_31' title="bbox 154 2274 1783 2335; baseline 0.004 -21"><span class='ocrx_word' id='word_1_288' title='bbox 154 2288 198 2319; x_wconf 86' lang='lat'>30</span> <span class='ocrx_word' id='word_1_289' title='bbox 219 2280 263 2314; x_wconf 94' lang='lat' dir='ltr'>to</span> <span class='ocrx_word' id='word_1_290' title='bbox 300 2274 354 2315; x_wconf 78' lang='lat' dir='ltr'>ad</span> <span class='ocrx_word' id='word_1_291' title='bbox 393 2274 516 2331; x_wconf 78' lang='lat' dir='ltr'>Scap.</span> <span class='ocrx_word' id='word_1_292' title='bbox 552 2276 610 2332; x_wconf 89' lang='lat' dir='ltr'>by</span> <span class='ocrx_word' id='word_1_293' title='bbox 644 2276 736 2330; x_wconf 84' lang='lat' dir='ltr'>LS)</span> <span class='ocrx_word' id='word_1_294' title='bbox 776 2278 850 2319; x_wconf 76' lang='lat' dir='ltr'>sed</span> <span class='ocrx_word' id='word_1_295' title='bbox 891 2284 928 2320; x_wconf 90' lang='lat' dir='ltr'>et</span> <span class='ocrx_word' id='word_1_296' title='bbox 965 2280 1083 2321; x_wconf 72' lang='lat' dir='ltr'>omni</span> <span class='ocrx_word' id='word_1_297' title='bbox 1117 2280 1278 2335; x_wconf 73' lang='lat' dir='ltr'>petenti</span> <span class='ocrx_word' id='word_1_298' title='bbox 1314 2295 1380 2322; x_wconf 81' lang='lat' dir='ltr'>me</span> <span class='ocrx_word' id='word_1_299' title='bbox 1415 2279 1523 2321; x_wconf 76' lang='lat' dir='ltr'><em>dabo</em></span> <span class='ocrx_word' id='word_1_300' title='bbox 1565 2281 1612 2321; x_wconf 79' lang='lat' dir='ltr'>in</span> <span class='ocrx_word' id='word_1_301' title='bbox 1654 2295 1783 2321; x_wconf 71' lang='lat' dir='ltr'>causa</span> 
     </span>
     <span class='ocr_line' id='line_1_32' title="bbox 216 2341 1781 2406; baseline 0.004 -21"><span class='ocrx_word' id='word_1_302' title='bbox 216 2344 512 2400; x_wconf 72' lang='lat' dir='ltr'>eleemosynae,</span> <span class='ocrx_word' id='word_1_303' title='bbox 545 2361 623 2388; x_wconf 75' lang='lat' dir='ltr'>non</span> <span class='ocrx_word' id='word_1_304' title='bbox 657 2347 704 2388; x_wconf 74' lang='lat' dir='ltr'>in</span> <span class='ocrx_word' id='word_1_305' title='bbox 736 2350 1334 2392; x_wconf 68' lang='lat' dir='ltr'>concussurae...traditorem</span> <span class='ocrx_word' id='word_1_306' title='bbox 1366 2357 1441 2392; x_wconf 71' lang='lat' dir='ltr'>aut</span> <span class='ocrx_word' id='word_1_307' title='bbox 1472 2341 1781 2406; x_wconf 75' lang='lat' dir='ltr'>persecutorem</span> 
     </span>
    </p>

    <p class='ocr_par' dir='ltr' id='par_1_12' title="bbox 216 2417 1784 2615">
     <span class='ocr_line' id='line_1_33' title="bbox 217 2417 1780 2476; baseline 0.004 -21"><span class='ocrx_word' id='word_1_308' title='bbox 217 2421 292 2457; x_wconf 75' lang='lat' dir='ltr'>aut</span> <span class='ocrx_word' id='word_1_309' title='bbox 324 2431 623 2459; x_wconf 71' lang='lat' dir='ltr'>concussoreotz.</span> <span class='ocrx_word' id='word_1_310' title='bbox 686 2417 742 2460; x_wconf 88' lang='lat' dir='ltr'>ib.</span> <span class='ocrx_word' id='word_1_311' title='bbox 769 2421 821 2459; x_wconf 89' lang='grc'>12</span> <span class='ocrx_word' id='word_1_312' title='bbox 844 2435 880 2461; x_wconf 77' lang='lat' dir='ltr'>a.</span> <span class='ocrx_word' id='word_1_313' title='bbox 905 2436 959 2462; x_wconf 87' lang='lat' dir='ltr'>1n.</span> <span class='ocrx_word' id='word_1_314' title='bbox 990 2426 1035 2462; x_wconf 48' lang='lat' dir='ltr'>tu.</span> <span class='ocrx_word' id='word_1_315' title='bbox 1066 2427 1208 2463; x_wconf 72' lang='lat' dir='ltr'>autem</span> <span class='ocrx_word' id='word_1_316' title='bbox 1235 2436 1319 2476; x_wconf 87' lang='lat' dir='ltr'>pro</span> <span class='ocrx_word' id='word_1_317' title='bbox 1351 2436 1395 2463; x_wconf 88' lang='lat' dir='ltr'>ec</span> <span class='ocrx_word' id='word_1_318' title='bbox 1425 2422 1658 2476; x_wconf 76' lang='lat' dir='ltr'>pacisceris</span> <span class='ocrx_word' id='word_1_319' title='bbox 1689 2437 1780 2464; x_wconf 73' lang='lat' dir='ltr'>cum</span> 
     </span>
     <span class='ocr_line' id='line_1_34' title="bbox 217 2485 1783 2547; baseline 0.005 -21"><span class='ocrx_word' id='word_1_320' title='bbox 217 2485 408 2528; x_wconf 74' lang='lat' dir='ltr'>delatore</span> <span class='ocrx_word' id='word_1_321' title='bbox 434 2487 503 2528; x_wconf 72' lang='lat' dir='ltr'>uel</span> <span class='ocrx_word' id='word_1_322' title='bbox 532 2488 668 2529; x_wconf 71' lang='lat' dir='ltr'>milite</span> <span class='ocrx_word' id='word_1_323' title='bbox 697 2489 765 2530; x_wconf 78' lang='lat' dir='ltr'>uel</span> <span class='ocrx_word' id='word_1_324' title='bbox 787 2489 1030 2545; x_wconf 65' lang='lat' dir='ltr'>furunculo</span> <span class='ocrx_word' id='word_1_325' title='bbox 1060 2492 1205 2547; x_wconf 72' lang='lat' dir='ltr'>aliquo</span> <span class='ocrx_word' id='word_1_326' title='bbox 1229 2492 1444 2546; x_wconf 74' lang='lat' dir='ltr'>praeside,</span> <span class='ocrx_word' id='word_1_327' title='bbox 1466 2492 1541 2534; x_wconf 81' lang='lat' dir='ltr'>sub</span> <span class='ocrx_word' id='word_1_328' title='bbox 1572 2493 1716 2534; x_wconf 66' lang='lat' dir='ltr'>tunica</span> <span class='ocrx_word' id='word_1_329' title='bbox 1746 2500 1783 2535; x_wconf 89' lang='lat' dir='ltr'>et</span> 
     </span>
     <span class='ocr_line' id='line_1_35' title="bbox 216 2555 1784 2615; baseline 0.006 -21"><span class='ocrx_word' id='word_1_330' title='bbox 216 2555 326 2603; x_wconf 67' lang='lat' dir='ltr'>sinu,</span> <span class='ocrx_word' id='word_1_331' title='bbox 358 2556 468 2610; x_wconf 73' lang='lat' dir='ltr'>quod</span> <span class='ocrx_word' id='word_1_332' title='bbox 499 2557 635 2606; x_wconf 65' lang='lat' dir='ltr'>aiunt,</span> <span class='ocrx_word' id='word_1_333' title='bbox 669 2564 713 2600; x_wconf 81' lang='lat' dir='ltr'>ut</span> <span class='ocrx_word' id='word_1_334' title='bbox 733 2558 923 2614; x_wconf 61' lang='lat' dir='ltr'>furtiuo,</span> <span class='ocrx_word' id='word_1_335' title='bbox 952 2575 1073 2615; x_wconf 74' lang='lat' dir='ltr'>quem</span> <span class='ocrx_word' id='word_1_336' title='bbox 1107 2576 1248 2602; x_wconf 82' lang='lat' dir='ltr'>coram</span> <span class='ocrx_word' id='word_1_337' title='bbox 1284 2567 1366 2603; x_wconf 84' lang='lat' dir='ltr'>toto</span> <span class='ocrx_word' id='word_1_338' title='bbox 1398 2561 1556 2603; x_wconf 71' lang='lat' dir='ltr'>mmzdo</span> <span class='ocrx_word' id='word_1_339' title='bbox 1590 2562 1784 2604; x_wconf 68' lang='lat' dir='ltr'>Christus</span> 
     </span>
    </p>

    <p class='ocr_par' dir='ltr' id='par_1_13' title="bbox 153 2622 1781 2894">
     <span class='ocr_line' id='line_1_36' title="bbox 153 2622 1781 2681; baseline 0.003 -14"><span class='ocrx_word' id='word_1_340' title='bbox 153 2635 196 2667; x_wconf 87' lang='lat'>35</span> <span class='ocrx_word' id='word_1_341' title='bbox 218 2625 330 2673; x_wconf 79' lang='lat' dir='ltr'>emit,</span> <span class='ocrx_word' id='word_1_342' title='bbox 351 2626 480 2667; x_wconf 74' lang='lat' dir='ltr'>immo</span> <span class='ocrx_word' id='word_1_343' title='bbox 510 2632 547 2668; x_wconf 88' lang='lat' dir='ltr'>et</span> <span class='ocrx_word' id='word_1_344' title='bbox 572 2628 1001 2681; x_wconf 73' lang='lat' dir='ltr'>manumisit...Quid</span> <span class='ocrx_word' id='word_1_345' title='bbox 1029 2630 1143 2671; x_wconf 73' lang='lat' dir='ltr'>enim</span> <span class='ocrx_word' id='word_1_346' title='bbox 1172 2629 1279 2671; x_wconf 76' lang='lat' dir='ltr'>dicit</span> <span class='ocrx_word' id='word_1_347' title='bbox 1308 2630 1383 2672; x_wconf 78' lang='lat' dir='ltr'>ille</span> <span class='ocrx_word' id='word_1_348' title='bbox 1411 2633 1664 2673; x_wconf 75' lang='lat' dir='ltr'>concussor?</span> <span class='ocrx_word' id='word_1_349' title='bbox 1696 2622 1698 2625; x_wconf 27' lang='grc' dir='ltr'>Ι</span> <span class='ocrx_word' id='word_1_350' title='bbox 1724 2632 1781 2673; x_wconf 64' lang='lat' dir='ltr'>da.</span> 
     </span>
     <span class='ocr_line' id='line_1_37' title="bbox 216 2694 1778 2759; baseline 0.006 -24"><span class='ocrx_word' id='word_1_351' title='bbox 216 2694 326 2736; x_wconf 74' lang='lat' dir='ltr'>mihi</span> <span class='ocrx_word' id='word_1_352' title='bbox 351 2696 591 2749; x_wconf 71' lang='lat' dir='ltr'>pecuniam,</span> <span class='ocrx_word' id='word_1_353' title='bbox 614 2704 721 2740; x_wconf 85' lang='lat' dir='ltr'>certe</span> <span class='ocrx_word' id='word_1_354' title='bbox 750 2714 802 2741; x_wconf 65' lang='lat' dir='ltr'>oze</span> <span class='ocrx_word' id='word_1_355' title='bbox 832 2714 928 2740; x_wconf 80' lang='lat' dir='ltr'>eum</span> <span class='ocrx_word' id='word_1_356' title='bbox 960 2700 1119 2742; x_wconf 76' lang='lat' dir='ltr'>tradat.</span> <span class='ocrx_word' id='word_1_357' title='bbox 1181 2700 1234 2741; x_wconf 74' lang='lat' dir='ltr'>ad</span> <span class='ocrx_word' id='word_1_358' title='bbox 1265 2700 1389 2757; x_wconf 79' lang='lat' dir='ltr'>Scap.</span> <span class='ocrx_word' id='word_1_359' title='bbox 1415 2704 1439 2742; x_wconf 87' lang='lat'>5</span> <span class='ocrx_word' id='word_1_360' title='bbox 1462 2716 1501 2757; x_wconf 90' lang='lat' dir='ltr'>p.</span> <span class='ocrx_word' id='word_1_361' title='bbox 1525 2717 1579 2743; x_wconf 88' lang='lat' dir='ltr'>m.</span> <span class='ocrx_word' id='word_1_362' title='bbox 1633 2702 1778 2759; x_wconf 82' lang='lat' dir='ltr'>Scorp.</span> 
     </span>
     <span class='ocr_line' id='line_1_38' title="bbox 218 2766 1781 2828; baseline 0.006 -23"><span class='ocrx_word' id='word_1_363' title='bbox 218 2767 273 2806; x_wconf 89' lang='lat'>10</span> <span class='ocrx_word' id='word_1_364' title='bbox 308 2781 361 2806; x_wconf 88' lang='lat' dir='ltr'>m.</span> <span class='ocrx_word' id='word_1_365' title='bbox 437 2766 566 2814; x_wconf 64' lang='lat' dir='ltr'>Vorb,</span> <span class='ocrx_word' id='word_1_366' title='bbox 605 2767 748 2809; x_wconf 86' lang='lat' dir='ltr'>Rufin.</span> <span class='ocrx_word' id='word_1_367' title='bbox 787 2768 827 2810; x_wconf 95' lang='lat' dir='ltr'>h.</span> <span class='ocrx_word' id='word_1_368' title='bbox 871 2784 908 2810; x_wconf 92' lang='lat' dir='ltr'>e.</span> <span class='ocrx_word' id='word_1_369' title='bbox 953 2781 1021 2810; x_wconf 86' lang='lat' dir='ltr'>Vll</span> <span class='ocrx_word' id='word_1_370' title='bbox 1066 2772 1119 2811; x_wconf 88' lang='grc'>26</span> <span class='ocrx_word' id='word_1_371' title='bbox 1163 2785 1202 2826; x_wconf 91' lang='lat' dir='ltr'>p.</span> <span class='ocrx_word' id='word_1_372' title='bbox 1242 2772 1322 2811; x_wconf 80' lang='lat'>441</span> <span class='ocrx_word' id='word_1_373' title='bbox 1362 2771 1386 2812; x_wconf 90' lang='lat' dir='ltr'>f.</span> <span class='ocrx_word' id='word_1_374' title='bbox 1461 2771 1599 2813; x_wconf 89' lang='lat' dir='ltr'>Blunt</span> <span class='ocrx_word' id='word_1_375' title='bbox 1642 2772 1781 2828; x_wconf 86' lang='lat' dir='ltr'>Right</span> 
     </span>
     <span class='ocr_line' id='line_1_39' title="bbox 218 2834 1780 2894; baseline 0.006 -20"><span class='ocrx_word' id='word_1_376' title='bbox 218 2834 308 2875; x_wconf 90' lang='lat' dir='ltr'>Use</span> <span class='ocrx_word' id='word_1_377' title='bbox 350 2850 390 2890; x_wconf 90' lang='lat' dir='ltr'>p.</span> <span class='ocrx_word' id='word_1_378' title='bbox 434 2837 518 2877; x_wconf 87' lang='grc'>645</span> <span class='ocrx_word' id='word_1_379' title='bbox 561 2836 611 2877; x_wconf 91' lang='lat' dir='ltr'>cl.</span> <span class='ocrx_word' id='word_1_380' title='bbox 655 2837 779 2879; x_wconf 86' lang='lat' dir='ltr'>Luke</span> <span class='ocrx_word' id='word_1_381' title='bbox 822 2841 847 2879; x_wconf 83' lang='grc'>3</span> <span class='ocrx_word' id='word_1_382' title='bbox 893 2841 946 2880; x_wconf 92' lang='grc'>14</span> <span class='ocrx_word' id='word_1_383' title='bbox 988 2839 1156 2893; x_wconf 85' lang='grc' dir='ltr'>μηδένα</span> <span class='ocrx_word' id='word_1_384' title='bbox 1200 2839 1469 2892; x_wconf 86' lang='grc' dir='ltr'>διασείσητε.</span> <span class='ocrx_word' id='word_1_385' title='bbox 1544 2841 1664 2883; x_wconf 74' lang='lat' dir='ltr'>Grot.</span> <span class='ocrx_word' id='word_1_386' title='bbox 1708 2843 1780 2894; x_wconf 88' lang='lat' dir='ltr'>(de</span> 
     </span>
    </p>
   </div>
  </div>
 </body>
</html>
