1975 3306
142 167 184 208 p.
211 156 264 195 96
286 153 314 195 l.
340 154 410 206 33]
652 153 1099 197 APOLOGETICVS
1134 157 1188 197 30
1629 160 1708 200 351

141 268 379 323 deprecare.
417 268 670 309 NVoodham.
734 269 804 310 Ad
838 269 961 325 Scap.
995 272 1018 310 2
1047 285 1082 311 a.
1107 270 1131 311 f.
1166 270 1229 312 ita
1264 286 1336 312 nos
1366 272 1712 327 mayisoramus

139 353 222 393 pro
259 339 397 380 salute
433 338 720 394 imperatoris,
759 339 810 381 ab
853 355 896 382 eo
935 355 1026 382 eam
1069 341 1340 395 postulantes,
1378 342 1452 397 qui
1486 349 1713 398 praestare

136 415 283 464 potest.

230 494 267 535 p.
293 481 345 520 96
370 479 409 521 ll.
436 481 608 521 29-30
631 495 662 522 c,
682 482 736 521 33
760 496 797 536 p.
822 482 904 521 100
928 481 951 522 l.
971 484 996 522 8
1020 481 1136 522 cited
1159 481 1304 523 above.
1358 497 1389 523 c.
1415 484 1468 524 29
1489 484 1513 524 f.
1536 483 1712 538 insuper

142 564 208 591 eos
246 549 471 598 debellatis,
505 550 578 604 qui
610 565 704 591 eum
734 563 766 592 <
787 550 967 593 salutem
1000 552 1362 607 imperatorum>
1394 553 1532 595 sciunt
1559 560 1709 609 petere,
1731 571 1750 602 5

142 620 215 675 qui
241 621 370 661 etiarn.
397 626 574 675 possunt
603 621 845 675 impetrare,
872 621 975 662 duni
1003 622 1141 663 sciunt
1166 629 1319 677 petere.
1383 638 1414 664 C.
1439 625 1493 664 45
1513 623 1537 664 f.
1560 624 1710 666 merito

142 691 221 731 soli
244 691 503 732 innocentiae
526 692 797 733 occurrimus.

231 776 269 816 p.
295 763 348 802 06
377 761 400 802 l.
425 763 477 802 31
513 772 696 802 OPIMAM
720 761 828 803 Plin.
853 773 941 803 VIII
967 762 987 818 ξ
1015 765 1098 804 183
1128 763 1225 805 hinc
1253 765 1320 817 (of
1345 764 1480 817 bulls)
1508 765 1710 807 uictimae

144 831 310 886 opimae
352 838 389 873 et
432 832 675 873 lautissima
713 832 888 874 deorum
924 834 1127 888 placatio.
1204 834 1391 876 maiores
1428 836 1462 888 )(
1502 835 1706 877 lactentes.

145 901 326 943 Henzen
359 903 472 944 Acta
507 903 572 944 Fr.
606 903 755 944 Arual.
790 905 883 944 143.
1731 924 1774 947 10

231 987 269 1027 p.
295 974 348 1014 96
373 973 395 1014 l.
422 974 475 1014 32
500 972 575 1014 the
597 973 789 1028 sacrifice
803 974 850 1014 of
867 988 1021 1029 prayer
1045 976 1064 1013 1
1084 973 1199 1015 Sam.
1221 977 1273 1014 15
1296 976 1361 1015 22.
1395 974 1460 1015 Ps.
1481 977 1535 1016 50
1553 977 1707 1017 8—14.

144 1044 195 1083 51
228 1042 411 1083 16—17.
474 1042 594 1084 Prov.
629 1045 680 1084 21
714 1046 751 1084 3.
816 1043 939 1099 Kaye
970 1045 1065 1085 424.
1130 1043 1247 1085 Lact.
1279 1044 1379 1085 Diu.
1410 1044 1540 1087 Instt.
1571 1058 1619 1086 VI
1654 1048 1706 1087 25

142 1109 161 1167 ἓ
192 1114 255 1153 11.
319 1111 431 1153 Adu.
456 1111 550 1153 Iud.
576 1115 599 1153 5
631 1119 733 1154 ante
755 1112 826 1154 fin.
854 1128 892 1169 p.
918 1112 1000 1153 710
1032 1112 1054 1153 l.
1081 1113 1156 1154 ult.
1185 1113 1356 1155 Ochler.
1419 1114 1485 1155 De
1509 1114 1627 1156 Orat.
1654 1116 1705 1156 27

143 1187 202 1223 est
224 1181 426 1235 optimum
459 1183 602 1237 atique
631 1182 873 1223 institutum
906 1197 1023 1223 omne
1055 1183 1164 1237 quod
1189 1184 1491 1238 praeponendo
1518 1190 1554 1226 et
1583 1185 1706 1227 liono-

143 1251 280 1293 rando
303 1251 377 1293 cleo
406 1252 599 1306 competit
627 1257 870 1293 saturatam
900 1252 1133 1294 orationem
1166 1253 1278 1294 uelut
1309 1253 1495 1309 opimam
1526 1254 1707 1296 hostiam
1729 1276 1771 1309 15

145 1321 380 1363 admouere.
456 1323 509 1362 28
544 1321 645 1363 llaec
686 1327 744 1363 est
786 1322 897 1363 enim
939 1321 1075 1363 hostia
1116 1323 1332 1377 spiritalis
1373 1339 1480 1378 quae
1514 1325 1706 1379 pristina

143 1392 359 1446 sacrificia
382 1391 684 1433 deleuit....nos
711 1406 857 1433 sumus
885 1392 981 1433 aeri
1009 1392 1258 1434 adoratores
1280 1399 1317 1435 et
1339 1394 1433 1435 ‘ueri
1460 1395 1706 1445 sacerdotes,

143 1462 216 1517 qui
246 1462 405 1516 spirita
441 1467 608 1502 orantes
639 1461 797 1517 spiritu
829 1462 1126 1517 sacrificamus
1163 1464 1395 1505 orationem
1425 1464 1606 1506 hostiam
1638 1466 1707 1508 dei

136 1531 370 1586 propriam
402 1536 440 1572 et
474 1530 781 1585 acceptabilem,
819 1545 948 1585 quam
988 1531 1148 1572 scilicet
1183 1533 1423 1587 requisiuit,
1461 1548 1590 1588 qiuini
1625 1533 1707 1575 sibi

141 1600 367 1655 prospeoeit.
431 1599 539 1641 lianc
575 1599 625 1641 de
659 1605 738 1641 toto
781 1599 905 1641 corde
937 1600 1145 1649 deuotam,
1179 1601 1271 1656 fide
1305 1608 1492 1656 pastam,
1526 1604 1706 1645 ueritate
1725 1623 1770 1648 20

144 1675 353 1719 caratam,
387 1669 628 1710 innocentia
661 1669 887 1723 inteyram,
922 1669 1112 1711 castitate
1148 1671 1355 1712 mundam
1390 1686 1551 1728 ayapen
1592 1688 1704 1715 coro-

143 1745 292 1780 natam
326 1753 418 1780 cum
450 1753 613 1793 pompa
651 1753 825 1792 operam
859 1738 1061 1780 bonorum
1093 1739 1205 1780 inter
1234 1740 1427 1794 psalmos
1459 1747 1497 1783 et
1529 1742 1706 1797 hymnos

145 1810 348 1852 deducere
371 1809 428 1850 ad
450 1809 520 1850 dei
541 1810 680 1851 altare
702 1809 906 1859 debemus,
924 1811 1066 1851 omnia
1088 1809 1205 1852 nobis
1223 1825 1250 1851 a
1266 1811 1341 1853 deo
1363 1812 1703 1867 impetraturam.

144 1879 211 1920 De
234 1879 373 1921 Ieiun.
399 1880 452 1920 10
468 1878 541 1920 fin.
559 1879 835 1934 pinyuiorem
857 1880 1090 1921 orationem
1112 1879 1185 1921 deo
1207 1881 1413 1923 immolat.
1466 1881 1532 1923 De
1554 1882 1703 1924 Idolol.

146 1952 171 1992 6
197 1950 269 1992 fin.
304 1964 431 2004 nessas
463 1955 501 1991 te
533 1949 642 2004 quod
668 1949 790 2005 facis
827 1949 991 1992 colere?
1031 1950 1103 1991 sed
1136 1951 1210 1991 illi
1241 1966 1323 1992 non
1356 1958 1521 2006 neyant,
1555 1953 1703 2008 quibus
1722 1975 1765 2008 25

144 2019 252 2061 lianc
290 2020 596 2074 sayinatiorem
631 2025 669 2061 et
706 2020 969 2061 auratiorem
1006 2025 1045 2061 et
1086 2020 1293 2062 maiorem
1328 2020 1510 2063 hostiam
1550 2023 1703 2073 caedis,

143 2089 323 2131 salutem
360 2095 489 2130 tuam.
552 2088 622 2129 Ad
656 2088 780 2144 Scap.
820 2091 843 2129 2
878 2104 916 2145 p.
939 2105 993 2130 m.
1031 2089 1166 2143 (cited
1198 2106 1253 2131 on
1284 2106 1323 2146 p.
1358 2093 1411 2133 96
1445 2092 1470 2133 l.
1504 2091 1553 2143 73
1595 2092 1699 2134 then

144 2160 256 2201 after
286 2159 430 2214 prece)
468 2173 546 2199 non.
584 2158 696 2199 enini
730 2165 818 2214 eyet
851 2159 964 2208 deus,
1000 2160 1190 2201 conditor
1224 2161 1526 2210 uniuersitatis,
1560 2162 1703 2204 odoris

144 2235 220 2271 aut
251 2229 476 2284 sanyuinis
507 2228 701 2270 alicuius.
764 2229 864 2271 haec
901 2230 1012 2271 enim
1046 2230 1367 2272 daemoniorum
1400 2231 1563 2286 pabula
1593 2239 1699 2275 sunt.

144 2299 256 2341 Iren.
280 2311 328 2340 IV
354 2301 407 2340 14
428 2298 447 2355 ξ
469 2301 505 2341 3.
559 2299 777 2356 Athen-ag.
802 2302 854 2340 13
878 2302 936 2353 (n.
962 2300 984 2340 7
1010 2300 1147 2354 Otto).
1206 2301 1362 2343 lustin.
1386 2301 1509 2357 Apol.
1534 2314 1548 2342 Ι
1573 2304 1608 2344 9.
1634 2306 1698 2345 13.
1718 2321 1764 2353 30

146 2370 222 2426 Ep.
244 2370 298 2411 ad
321 2370 475 2426 Diogn.
504 2373 540 2412 3.
594 2370 754 2411 Minue.
779 2373 832 2412 32
855 2369 874 2427 ξ
898 2374 920 2411 2
943 2387 1029 2427 seq.

233 2455 269 2495 p.
294 2442 347 2482 96
371 2441 396 2480 l.
414 2442 469 2482 33
491 2452 661 2481 THVRIS
683 2442 709 2480 4
726 2440 871 2496 grains
894 2441 995 2482 Luc.
1017 2442 1140 2497 Iupp.
1159 2442 1281 2497 Trag.
1301 2444 1352 2482 15
1376 2457 1415 2498 p.
1435 2444 1518 2484 659
1537 2444 1592 2496 (ΙΙ
1612 2446 1694 2486 356

143 2509 208 2550 ed.
231 2509 428 2551 Jacobitz
462 2511 496 2562 )(
519 2509 586 2550 De
618 2509 895 2559 Mnesitheo).
959 2511 1072 2552 Tert.
1096 2511 1162 2552 De
1195 2511 1342 2553 Idolol.
1369 2514 1418 2552 11
1453 2527 1491 2568 p.
1515 2514 1568 2553 41
1595 2514 1618 2555 l.
1643 2516 1697 2555 20

147 2579 272 2620 Wiss.
324 2579 485 2620 Arnob.
508 2590 557 2619 VI
581 2581 606 2620 3
628 2594 689 2634 pr.
713 2591 782 2619 VII
806 2579 859 2620 27
883 2595 941 2635 sq.
986 2580 1191 2621 Prudent.
1216 2580 1454 2636 Peristeph.
1477 2593 1531 2622 ΙΙΙ
1556 2585 1698 2623 121·-

147 2651 241 2697 130,
279 2649 509 2705 especially
544 2651 714 2689 121-5
752 2649 863 2698 lzaee,
900 2665 1007 2704 royo,
1045 2651 1138 2705 quis
1175 2650 1295 2692 labor
1330 2657 1388 2692 est
1412 2651 1629 2709 fizyere?l
1660 2654 1699 2694 si
1716 2670 1760 2702 35

144 2719 358 2760 modicam
379 2719 486 2759 salis
507 2718 708 2760 eminulis
736 2717 741 2774 Ι
769 2720 878 2760 turis
900 2725 937 2761 et
958 2720 1155 2774 eoeigtuum
1173 2720 1322 2774 diyitis
1348 2719 1352 2776 Ι
1382 2725 1553 2776 tanyere
1577 2723 1696 2777 airyo

96 2814 98 2817 ν
145 2787 324 2842 beniyna
352 2788 467 2836 uelis,
495 2786 499 2842 Ι
524 2802 662 2842 poena
691 2788 844 2841 gyrauis
868 2788 1020 2842 procul
1047 2788 1217 2843 afuerit.
1281 2800 1312 2828 X
1336 2791 1506 2830 {Im—8
1533 2792 1696 2845 reponit

145 2871 248 2898 aras
269 2857 325 2898 ad
347 2856 536 2898 tribunal
554 2857 689 2898 denuo
717 2856 720 2912 Ι
752 2862 789 2899 et
810 2863 877 2899 tus
899 2863 935 2899 et
957 2858 1096 2912 igynem
1117 2859 1317 2900 ‘uiuidum
1339 2859 1383 2900 in
1406 2859 1664 2911 carbonibus,
1688 2861 1691 2916 Ι
