1975 3306
156 90 198 131 p.
224 79 278 118 22
301 78 328 120 l.
354 79 424 132 26]
687 78 1131 121 APOLOGETICVS
1165 81 1189 120 6
1639 78 1718 118 183

155 208 237 234 von
267 193 351 235 (len
380 194 560 250 Ihrigen
593 195 704 247 (sni)
727 210 824 236 zum
854 195 1118 252 Hungertod
1147 194 1419 236 verurtheilt.
1482 192 1646 234 Fabius
1673 192 1718 234 in

156 263 264 305 Plin.
287 264 371 305 ].c.”
433 264 491 306 So
514 265 657 307 Fatua
678 265 723 306 in
747 265 866 308 Lact.
890 278 903 307 Ι
929 269 996 307 22.

242 349 282 390 p.
307 336 360 374 22
384 334 409 375 l.
434 334 485 375 17
510 346 684 376 OSCVLA
718 336 821 377 Arn.
846 347 881 376 ΙΙ
907 336 959 377 67
984 336 1057 378 fin.
1080 337 1259 391 (among
1288 335 1480 376 obsoleta
1507 333 1720 381 fashions)

154 403 269 445 cited
292 404 440 446 above.
503 405 610 446 Gell.
633 417 663 446 x
683 407 750 447 23.
803 406 966 447 Athen.
988 417 1020 446 X
1044 407 1112 447 13.
1164 405 1364 460 Planqu.
1379 404 1504 445 Rom.
1523 405 1561 445 6.
1608 403 1717 444 Plin.

156 486 239 515 XIV
261 473 280 531 g
303 477 357 517 90
393 475 495 517 Cato
525 476 617 517 ideo
647 477 910 531 propinquos
931 476 1116 532 feminis
1145 476 1331 518 osculum
1354 475 1459 516 dare
1491 479 1536 515 ut
1563 474 1756 519 scirent5

153 561 211 587 an
232 552 427 589 temetum
451 547 614 589 olerent.
663 547 737 589 hoc
760 554 849 589 tum
871 563 1020 589 nomen
1041 547 1141 588 uino
1161 552 1264 595 erat,
1281 546 1392 587 unde
1413 551 1450 587 et
1473 544 1718 586 temulentia

152 617 384 672 appellata.
437 617 511 659 C'n.
546 617 765 659 Domitius
806 617 933 659 iudae
968 617 1274 672 pronuntiauit
1315 615 1538 657 mulierem
1576 613 1718 655 uideri

147 687 250 742 plus
278 687 372 728 uini
400 687 548 729 bibisse
577 702 707 743 quam
740 687 1001 729 ualetudim‘s
1033 702 1163 729 causa
1194 687 1290 728 uiro
1322 685 1530 733 insciente,
1557 690 1596 726 et
1623 684 1716 725 dote

136 770 138 772 ·
155 757 368 799 multauit.

239 842 278 883 p.
313 829 366 867 22
400 827 423 869 1.
459 829 512 869 19
546 838 809 869 SEXCENTOS
839 826 962 869 Hier.
993 827 1108 883 Mag.
1136 827 1256 868 misc.
1281 828 1304 867 2
1329 828 1396 867 15.
1457 824 1714 880 Marquardt
1735 840 1778 863 10

153 896 386 938 Privatleb.
409 909 425 938 I
449 899 502 939 69
526 912 566 937 n.
590 899 628 937 2.

238 981 276 1022 p.
303 968 355 1007 22
379 967 405 1008 l.
429 968 483 1008 20
506 978 707 1008 SCRIPSIT
737 966 939 1023 properly
960 967 1091 1008 misit.
1152 965 1410 1022 Marquard‘o
1441 964 1675 1006 Privatleb.
1698 975 1714 1005 Ι

153 1038 205 1080 76
229 1052 270 1079 n.
295 1040 333 1078 1.

237 1122 277 1163 p.
302 1109 355 1147 22
386 1107 410 1148 l.
439 1109 490 1148 21
524 1118 643 1148 PRAE
672 1118 797 1148 AVRO
827 1113 909 1149 cet.
960 1107 1064 1148 cult.
1098 1107 1197 1148 fem.
1226 1118 1241 1147 I
1273 1108 1297 1148 9
1322 1107 1348 1147 f.
1410 1105 1520 1147 Plin.
1552 1116 1711 1146 XXXIII

148 1175 187 1234 gg
216 1179 388 1219 39—40
419 1176 533 1219 idem
561 1177 672 1219 enim
705 1183 760 1226 tu,
789 1178 936 1226 Brute,
967 1177 1198 1218 mulierum
1221 1176 1403 1231 pedibus
1434 1190 1592 1217 azm⁴um
1620 1189 1710 1230 {ses-
1733 1193 1776 1224 15

148 1253 286 1289 tatum
318 1248 490 1289 tacuisti
520 1253 557 1289 et
588 1263 662 1289 nos
689 1248 858 1289 sceleris
891 1248 1116 1303 arquimus
1143 1247 1271 1288 illum
1303 1247 1377 1302 qui
1402 1247 1576 1302 primus
1605 1260 1711 1286 auro

149 1317 400 1372 (li'ynitatem
427 1332 505 1373 per
529 1317 682 1358 anulos
697 1316 838 1372 fecit!
900 1317 1079 1359 habeant
1101 1317 1142 1357 in
1170 1316 1342 1358 lacertis
1363 1315 1453 1357 iam
1483 1314 1652 1370 quiclem
1675 1320 1713 1356 et

154 1387 250 1435 uiri,
268 1387 382 1442 quod
403 1402 452 1429 ex
468 1387 696 1429 Dardanis
712 1387 1031 1442 uenit—itaque
1052 1392 1090 1428 et
1108 1386 1387 1427 Dardanium
1412 1384 1655 1427 uocabatur.
1668 1418 1675 1425 .
1688 1418 1711 1433 .,

149 1457 328 1498 habeant
337 1457 534 1512 feminae
555 1457 601 1498 in
624 1458 815 1499 armillis
837 1457 1066 1512 dicitisque
1087 1457 1194 1505 totis,
1219 1456 1334 1505 collo,
1351 1454 1540 1503 auribus,
1556 1454 1712 1510 spiris;

147 1526 395 1569 discurrant
411 1533 581 1569 catenae
599 1528 712 1569 circa
732 1528 871 1569 latera
887 1533 925 1569 et
946 1528 991 1568 in
1007 1533 1160 1569 secreto
1183 1526 1528 1580 mcwyaritarum
1549 1523 1712 1566 sacculi
1730 1540 1775 1562 20

148 1611 168 1638 e
190 1596 295 1638 collo
318 1596 592 1638 dominarum
615 1612 743 1638 aureo
770 1596 997 1651 pendeant,
1017 1602 1064 1638 ut
1084 1596 1131 1637 iu
1152 1610 1295 1637 somno
1325 1609 1484 1650 quoque
1505 1594 1710 1635 unionum

148 1666 401 1708 conscientia
432 1666 546 1708 adsit
558 1681 574 1717 ;
606 1666 789 1708 etiamne
814 1665 997 1722 pedibus
1027 1665 1231 1707 induetur
1263 1670 1387 1719 atque
1417 1664 1529 1706 inter
1556 1663 1710 1705 stolam

145 1736 385 1791 plebemque
416 1736 525 1778 hunc
556 1736 744 1777 medium
764 1736 1039 1792 feminarum
1067 1741 1297 1791 equestrem
1326 1733 1518 1776 ordinem
1539 1732 1712 1788 faciet?

148 1806 253 1847 Arn.
276 1818 311 1847 11
335 1808 388 1848 67
413 1807 440 1847 f.
462 1805 579 1847 cited
601 1806 750 1848 above.

236 1890 276 1931 p.
299 1877 353 1916 22
376 1876 402 1916 l.
425 1877 478 1916 22
506 1887 667 1917 VOTVM
688 1875 753 1917 i.e.
774 1876 960 1931 nuptiae.
1013 1875 1067 1917 ad
1094 1881 1183 1916 nab.
1206 1886 1242 1916 ΙΙ
1267 1877 1317 1915 11
1337 1874 1408 1914 fin.
1462 1873 1594 1929 Apul.
1617 1872 1706 1913 flor.
1726 1892 1769 1923 25

148 1957 163 1986 I
191 1951 216 1986 4
248 1960 289 2001 p.
314 1947 367 1986 18
396 1951 540 2000 toyam
561 1946 726 2000 parari
746 1952 841 1988 uoto
863 1952 901 1988 et
918 1945 1085 2002 funeri.
1148 1950 1252 1986 met.
1275 1955 1325 1984 IV
1349 1945 1403 1985 26
1426 1957 1467 1999 p.
1490 1944 1573 1984 293
1596 1942 1707 1984 uotis

150 2015 414 2071 nuptialibus
450 2021 577 2070 pacto
613 2016 755 2069 iuyali
786 2015 1036 2057 destinatus.
1097 2014 1183 2070 dig.
1247 2013 1515 2054 Testament.
1556 2011 1706 2053 ludier.

148 2085 206 2125 M.
244 2084 431 2126 Grunnii
470 2084 726 2127 Corocottae
764 2085 904 2127 sorori
937 2099 1052 2126 meae
1085 2084 1302 2136 Quirinae,
1335 2082 1454 2124 cuius
1484 2082 1531 2122 iu
1561 2087 1706 2122 uotum

134 2156 342 2197 -z'nteresse
372 2170 452 2196 non
474 2155 611 2210 potui.
673 2155 772 2197 Sen.
795 2155 893 2196 ben.
916 2167 970 2196 III
1002 2157 1055 2197 16
1086 2159 1235 2196 exeunt
1264 2152 1534 2193 matrimonii
1563 2166 1704 2200 causa,

149 2225 306 2266 nubunt
328 2224 510 2279 repudii.
1723 2244 1767 2275 30

234 2310 274 2351 p.
298 2297 350 2335 22
374 2296 400 2336 1.
423 2297 477 2336 23
510 2306 647 2336 CIRCA
681 2297 705 2335 2
728 2310 768 2351 p.
793 2297 847 2336 10
869 2295 895 2336 1.
919 2297 955 2336 5.

232 2380 273 2421 p.
296 2366 349 2405 22
373 2364 399 2405 l.
423 2366 475 2405 25
499 2375 705 2404 LIBERVM
728 2375 807 2405 Re.
831 2366 927 2406 186.
949 2363 1003 2404 ad
1025 2369 1115 2404 nab.
1138 2374 1153 2403 1
1178 2364 1231 2403 10
1256 2377 1294 2417 p.
1315 2360 1367 2402 75
1394 2363 1447 2401 28
1465 2375 1550 2415 seq.
1575 2359 1703 2401 Wiss.

146 2435 288 2475 where
316 2434 405 2474 also
435 2432 621 2489 Serapis,
646 2432 742 2482 Isis,
771 2439 849 2475 cet.
903 2434 1018 2489 Aug.
1041 2432 1088 2475 C.
1111 2432 1164 2473 D.
1192 2443 1278 2472 VIII
1307 2433 1344 2472 9.
1374 2441 1498 2471 XVIII
1530 2432 1582 2471 13
1605 2445 1703 2485 pm.

146 2503 360 2544 Firmicus
382 2503 435 2544 de
458 2518 599 2544 errore
622 2503 728 2558 prof.
749 2503 823 2543 rel.
847 2504 871 2543 6
893 2500 913 2558 ξ
935 2504 959 2544 6
982 2508 1064 2543 cet.
1125 2501 1288 2542 Preller
1308 2506 1413 2541 ro'm.
1435 2499 1576 2555 Myth.
1606 2499 1702 2541 716.

146 2573 401 2629 Marquardb
423 2578 493 2614 1112
515 2575 568 2613 42
591 2588 632 2613 n.
656 2575 693 2613 2.
754 2572 889 2629 Bayle
911 2587 1079 2614 oeuvres
1101 2584 1155 2613 III
1179 2573 1277 2613 368.
1720 2584 1763 2615 35

232 2658 271 2699 p.
306 2645 359 2683 22
391 2642 418 2683 l.
450 2644 503 2683 26
537 2653 926 2683 ELIMINAVERVNT
956 2642 1011 2683 ad
1042 2647 1132 2683 nat.
1164 2653 1199 2682 II
1233 2641 1255 2682 7
1281 2641 1340 2696 (p.
1364 2639 1445 2681 107
1473 2641 1526 2681 13
1553 2638 1700 2689 Wiss.)

146 2712 440 2755 criminatores
461 2711 636 2753 deorum
651 2717 802 2766 poetas
823 2703 1047 2752 eliminari
1068 2710 1197 2752 Plato
1220 2709 1388 2751 censuit.
1451 2720 1467 2749 1
1491 2710 1545 2750 10
1567 2709 1626 2763 (p.
1645 2706 1698 2748 75

80 2809 82 2812 >
148 2784 202 2822 28
226 2780 372 2833 Wiss.)
405 2786 511 2822 certe
532 2779 733 2822 Liberum
757 2785 930 2835 patrem
953 2794 1046 2821 cum
1067 2794 1189 2821 socru
1209 2793 1289 2820 sua
1318 2778 1504 2820 consules
1531 2783 1701 2819 senatus
