1975 3306
145 149 186 190 p.
212 137 264 177 30
286 135 313 178 1.
339 137 410 190 23]
672 136 1117 179 APOLOGETIOVS
1150 139 1174 180 9
1626 137 1702 179 197

144 251 274 293 Maer.
317 252 358 294 S.
403 264 418 293 Ι
462 255 487 293 8
532 254 596 294 10.
671 253 919 294 Stallbaum
962 268 1016 294 on
1062 253 1168 295 Plan.
1213 253 1455 310 Euthyphr.
1496 255 1520 294 5
1558 268 1581 294 e
1619 267 1704 308 seq.

144 337 255 363 omn.
285 322 336 364 D.
365 323 420 365 H.
448 334 483 363 ΙΙ
509 325 561 365 19
592 323 727 377 (cited
756 324 813 378 by
842 324 961 365 Thdt
987 339 1045 380 gr.
1076 325 1143 365 aff.
1174 339 1259 366 cur.
1291 335 1344 365 ΙΙΙ
1369 323 1388 380 ξ
1411 326 1463 365 47
1488 339 1527 380 p.
1551 326 1604 365 45
1631 325 1704 373 22)

144 391 244 433 οὔτε
275 391 362 448 Γγάρ
394 392 597 449 Οὐρανὸς
631 392 942 447 ἐκτεμνόμενος
970 393 1057 436 ὑπὸ
1088 396 1173 436 τῶν
1204 394 1362 436 ἑαυτοῦ
1385 392 1556 435 παίδων
1580 390 1703 447 παρὰ

141 461 377 509 (Ρωμαίοις
410 462 599 516 λέγεται,
635 463 735 505 οὔτε
770 463 938 517 Κρόνος
980 464 1207 520 ἀφανίζων
1250 463 1329 510 τὰς
1367 464 1527 506 ἑαυτοῦ
1560 462 1703 517 Ὑονάς,

145 531 275 588 φόβῳ
298 535 374 585 τῆς
398 532 445 586 ἐξ
466 532 612 575 αὐτῶν
635 532 889 582 ἐπιθέσεως,
913 533 1012 576 οὔτε
1035 532 1141 577 Ζεὺς
1165 532 1406 576 καταλύων
1427 532 1507 586 τὴν
1532 530 1704 589 Κρόνου
1724 552 1742 583 5

145 603 418 646 δυναστείαν.
482 603 551 646 On
586 603 762 654 Satin-n,
786 605 915 646 Thdt.
939 620 999 661 gr.
1023 605 1091 646 aff.
1115 620 1201 646 cur.
1227 616 1281 645 ΙΙΙ
1302 603 1322 661 ξ
1344 606 1398 646 36
1422 603 1508 644 and
1531 605 1586 645 33
1609 603 1704 644 who

141 680 296 729 quotes
319 674 443 716 Plato
465 690 551 732 rep.
576 675 659 717 377
684 690 706 717 e
730 691 814 731 seq.
868 675 1030 717 Athan.
1055 675 1133 718 uit.
1157 675 1261 717 Ant.
1286 674 1338 717 75
1364 673 1537 728 Κρόνου
1560 672 1706 728 φυγὴν

144 744 218 785 καὶ
255 743 420 787 τέκνων
453 744 730 790 καταπόσεις
764 745 836 786 καὶ
868 745 1206 801 πατροκτονίας.

231 829 268 870 p.
295 816 351 856 30
374 815 398 856 l.
423 817 477 856 23
501 826 738 856 PARENTES
772 815 930 857 Iustin.
954 815 1061 871 apol.
1086 827 1121 856 ΙΙ
1148 817 1200 855 12
1224 815 1282 870 (p.
1308 816 1392 856 234·
1421 829 1461 855 n.
1487 815 1540 854 12
1565 812 1702 865 Otto).

143 884 321 926 Asistid.
340 900 373 926 c.
393 887 417 927 9
440 900 500 941 pr.
556 885 737 926 Human
760 885 972 927 sacrifices
990 885 1040 927 G.
1059 885 1098 927 J.
1118 885 1226 926 Voss
1250 885 1347 926 idol.
1367 896 1382 925 Ι
1407 886 1461 925 35
1485 883 1571 924 and
1592 884 1631 925 b.
1656 895 1702 925 ΙΙ.
1726 904 1767 927 10

143 954 259 1011 Orig.
283 954 337 996 de
359 954 492 1011 princ.
516 967 550 996 ΙΙ
574 957 598 997 9
621 953 641 1012 ξ
663 957 687 996 5
706 956 813 1008 (XXI
831 957 913 996 222
930 954 1008 1005 L).
1071 954 1189 996 Lact.
1214 966 1229 995 Ι
1254 956 1305 995 21
1333 957 1354 995 1
1379 960 1425 995 ab
1449 953 1635 995 Salamis
1658 953 1703 994 in

143 1023 324 1080 Cyprus,
346 1025 569 1067 abolished
591 1025 649 1081 by
668 1025 876 1067 Hadrian.
930 1025 1118 1067 Victims
1142 1025 1308 1081 willing
1324 1024 1418 1066 infr.
1440 1026 1493 1065 28
1509 1039 1570 1080 pr.
1589 1023 1703 1065 diui—

141 1109 221 1135 nae
237 1094 302 1136 rei
314 1093 547 1150 faciendae
569 1095 701 1137 libens
718 1095 891 1136 animus
906 1095 1126 1137 indicitur.
1181 1093 1332 1150 Chrys.
1348 1093 1394 1134 in
1409 1109 1438 1135 s.
1456 1093 1702 1134 Romanum

143 1170 265 1206 mart.
289 1166 314 1206 3
337 1165 392 1218 (11
417 1163 541 1218 621d)
564 1165 680 1222 ἔχεις
712 1164 1066 1207 αὐτοκέλευστον
1099 1164 1265 1221 ἱερεῖον,
1288 1163 1333 1205 τί
1363 1162 1439 1205 τὸν
1472 1162 1704 1217 δεσμώτην

142 1236 305 1290 ταῦρον
326 1233 595 1277 ἀνανεύοντα
617 1233 927 1288 συμποδίζεις;
959 1234 1059 1276 ΕΘΗ.
1083 1234 1189 1276 Oed.
1208 1234 1380 1276 334—‘7
1400 1233 1500 1274 haec
1516 1247 1702 1288 propere
1724 1253 1764 1284 15

141 1303 330 1353 admone,
360 1303 365 1359 Ι
393 1310 431 1346 et
446 1320 601 1360 sparye
622 1305 741 1346 salsa
763 1305 873 1347 colla
896 1311 1124 1348 taaroram
1145 1305 1272 1346 mola.
1301 1303 1305 1359 Ι
1328 1304 1559 1359 placidone
1579 1303 1701 1344 uultu

140 1390 266 1417 sacra
287 1381 325 1417 et
346 1375 543 1417 admotas
564 1391 718 1417 manns
747 1375 751 1433 Ι
773 1377 1029 1431 patiantur?
1090 1375 1280 1417 Lasaulx
1305 1374 1385 1417 271
1411 1390 1451 1416 n.
1476 1376 1660 1415 258—9.

228 1456 988 1487 PARENTES...GALLosuffAVRIoAS
1030 1445 1244 1501 Scorpiae.
1285 1445 1308 1486 7
1352 1445 1423 1487 fin.
1465 1444 1538 1485 sed
1590 1444 1701 1485 enim

140 1512 400 1569 Scytharum
441 1514 634 1556 Dianam
677 1522 752 1557 aat
796 1515 1019 1557 Gallorum
1059 1514 1327 1557 Mercurium
1369 1519 1444 1555 aat
1484 1512 1699 1569 Afrorum

143 1585 380 1627 Saturnum
411 1585 631 1626 hominum
663 1586 840 1627 uictima
865 1586 1044 1641 placari
1074 1585 1193 1640 apud
1233 1585 1450 1626 saeculam
1494 1583 1626 1631 licuit,
1664 1589 1701 1625 et
1721 1606 1765 1629 20

141 1655 267 1697 Latio
299 1656 357 1697 ad
387 1655 641 1697 hodiernam
671 1656 776 1697 Ioui
805 1655 947 1697 media
977 1656 1024 1697 in
1056 1655 1155 1697 urbe
1186 1655 1398 1696 lmmanus
1428 1654 1604 1708 sanyais
1636 1654 1700 1694 in-

138 1731 359 1781 9astatar;
400 1741 471 1767 nec
504 1726 727 1781 quisquam
760 1731 966 1767 retractat
1002 1731 1078 1767 aut
1109 1741 1188 1767 non
1223 1725 1431 1767 rationem
1458 1723 1702 1779 praesumit

141 1795 335 1850 aliquam
358 1801 433 1836 aut
453 1794 809 1836 inaestimabilem
831 1795 902 1836 dei
927 1795 997 1836 sai
1027 1795 1301 1836 uoluntatem.
1363 1794 1402 1835 si
1435 1799 1571 1835 noster
1601 1807 1700 1847 qao-

141 1880 217 1920 qae
248 1865 349 1907 deas
374 1865 583 1920 propriae
616 1865 777 1906 hostiae
807 1866 975 1906 nomine
1006 1865 1226 1920 martyria
1268 1864 1350 1906 sibi
1383 1863 1699 1918 depostulasset,

139 1935 234 1990 qais
266 1935 338 1975 illi
372 1935 661 1990 eoeprobrasset
683 1934 908 1990 fimestam
944 1934 1194 1989 reliyionem
1227 1941 1264 1976 et
1296 1933 1490 1989 l‘uyubres
1519 1933 1630 1975 ritas
1660 1938 1700 1974 et
1719 1951 1761 1983 25

141 2020 266 2046 aram
297 2020 448 2060 rogyam
470 2011 508 2046 et
531 2005 830 2059 pollinctorem
851 2005 1121 2053 sacerdotem,
1144 2011 1181 2047 et
1209 2020 1291 2047 non
1317 2005 1482 2046 beatum
1509 2004 1699 2059 amplius

140 2081 383 2130 reputasset,
406 2090 526 2130 quem
555 2075 656 2116 deas
678 2075 943 2117 comedisset?
1004 2075 1122 2117 Lact.
1147 2088 1162 2116 Ι
1188 2078 1238 2116 21
1267 2073 1286 2131 ξ
1308 2077 1344 2117 3.
1408 2074 1565 2116 Iustin.
1588 2074 1696 2129 apol.

141 2155 177 2184 ΙΙ
210 2146 263 2184 12
297 2142 361 2189 τίς
392 2142 477 2199 «γὰρ
511 2143 748 2198 φιλήδονος
779 2143 806 2197 ἢ
839 2142 1035 2200 ἀκρατὴς
1068 2144 1143 2186 καὶ
1185 2144 1475 2199 ἀνθρωπίνων
1518 2145 1697 2197 σαρκῶν

140 2213 284 2269 βορὰν
315 2213 482 2267 ἀγαθὸν
513 2213 749 2267 ἡγούμενος
787 2213 963 2256 δύναιτο
995 2214 1047 2256 ἂν
1091 2214 1282 2257 θάνατον
1324 2212 1690 2266 ιἰσπάζεσθαι;...

142 2283 256 2329 τίνος
288 2285 373 2339 Γγᾶρ
406 2283 540 2339 χάριν
573 2283 676 2339 οὐχὶ
709 2284 780 2325 καὶ
810 2286 953 2325 ταῦτα
981 2283 1176 2342 δημοσίᾳ
1205 2284 1520 2338 ὡμολονγοῦμεν
1546 2283 1696 2341 ἀγαθοὶ
1715 2298 1759 2330 30

142 2355 215 2396 καὶ
247 2353 525 2411 φιλοσοφίαν
560 2351 682 2395 θείαν
717 2353 830 2395 αὐτὰ
869 2352 1196 2404 ἀπεδείκνυμεν,
1229 2354 1479 2409 φάσκοντες
1522 2353 1695 2410 Κρόνου

140 2423 217 2475 μὲν
257 2422 482 2477 μυστήρια
519 2425 661 2464 τελεῖν
699 2423 742 2464 ἐν
777 2425 837 2479 τῷ
875 2422 1172 2480 ἀνδροφονεῖν,
1212 2423 1285 2465 καὶ
1322 2424 1365 2464 ἐν
1409 2426 1469 2479 τῷ
1510 2422 1694 2477 αἵματος

139 2492 471 2547 ἐμπίπλασθαι,
515 2492 570 2536 ὡς
611 2491 803 2546 λέγεται,
845 2492 899 2534 τὰ
943 2494 1021 2534 ἴσα
1064 2494 1124 2549 τῷ
1169 2491 1274 2549 παρ’
1318 2494 1418 2545 ὑμῖν
1465 2493 1692 2550 τιμωμένῳ

142 2563 306 2619 εἰδώλῳ
329 2563 474 2618 [Iupp.
498 2562 625 2616 Lau}
650 2561 682 2617 ᾧ
703 2562 751 2603 οὐ
772 2563 907 2616 μόνον
935 2562 1116 2616 ἀλόνγων
1140 2561 1258 2617 ζῴων
1280 2561 1446 2612 αἵματα
1478 2563 1692 2617 προσραί-

141 2648 272 2678 νεται,
304 2629 426 2671 ἀλλὰ
459 2630 532 2671 καὶ
564 2629 833 2685 ἀνθρώπεια,
872 2628 944 2670 διὰ
975 2633 1052 2671 τοῦ
1085 2628 1191 2685 παρ’
1229 2630 1329 2683 ὑμῖν
1361 2629 1693 2683 ἐπισημοτάτου
1713 2648 1755 2681 35

142 2701 215 2741 καὶ
248 2699 567 2754 εὐγενεστάτου
600 2698 756 2753 ἀνδρὸς
788 2698 866 2751 τὴν
894 2699 1152 2755 πρόσχυσιν
1180 2700 1259 2740 τοῦ
1280 2701 1368 2740 τῶν
1395 2700 1694 2755 φονευθέντων

139 2769 324 2822 αἵματος
345 2767 597 2820 ποιούμενοι
611 2786 624 2816 ,·
688 2768 847 2810 Minue.
872 2770 927 2810 30
954 2767 973 2825 ᾗ
999 2771 1024 2810 3
1042 2768 1118 2810 ubi
1143 2768 1327 2817 Holden,
1349 2774 1387 2810 et
1417 2768 1518 2810 haec
1550 2769 1695 2824 utique

140 2838 189 2879 de
230 2838 405 2879 deornm
445 2843 684 2879 uestrorum
725 2837 958 2892 disciplina
1010 2837 1273 2880 descendant.
1334 2852 1435 2878 nam
1477 2838 1694 2880 Saturnus
