1975 3306
256 66 338 106 438
826 61 1234 103 TERTVLLIANI
1464 62 1524 117 [p.
1554 63 1634 102 128
1657 60 1683 103 1.
1709 62 1821 101 21--

344 195 385 236 p.
411 181 493 219 128
516 179 540 219 1.
566 180 616 219 21
643 188 920 219 ADVLTERAT
953 176 1041 219 Cic.
1066 176 1173 219 Plin.
1198 177 1316 234 uulg.
1340 173 1458 218 Terb.
1479 175 1546 218 De
1577 176 1820 232 Monogam.

259 253 284 292 2
306 250 385 292 bis.
438 249 542 304 [866
566 249 690 290 Thes.
714 248 799 289 and
823 248 907 289 add
930 263 1024 290 exx.
1047 247 1092 289 in
1116 247 1263 304 Smdy
1284 248 1332 289 of
1352 246 1677 289 Ambrosiaster
1697 261 1737 302 p.
1755 247 1820 287 82.

259 323 309 364 Α,
334 323 397 377 8.]

347 408 386 449 p.
412 395 495 434 128
525 391 550 434 1.
575 392 628 432 22
662 401 1002 431 INSECTATORES
1034 389 1104 431 LS
1137 404 1217 431 0116
1250 404 1313 431 ex.
1347 389 1456 430 from
1486 388 1580 430 Liu.
1605 402 1684 429 0116
1715 387 1822 428 from

218 478 238 510 5
261 463 447 516 Quintil.
485 468 612 517 ‘very
642 459 761 502 rare.'
823 460 938 501 Tert.
967 459 1081 500 Adu.
1115 459 1245 500 Marc.
1279 470 1328 499 IV
1360 461 1412 500 15
1437 473 1497 515 pr.
1528 458 1605 499 bis.
1634 458 1749 513 Aug.
1778 456 1823 498 in

261 535 327 576 Ps.
358 535 412 575 55
448 535 503 574 10
528 547 568 588 p.
593 547 645 574 m.
683 532 736 573 99
772 532 825 571 12
855 545 890 571 a.
914 545 970 571 m.
1032 528 1194 583 [Other
1225 544 1318 571 exx.
1352 528 1396 570 in
1429 527 1825 570 Benoist-Goelzer.

260 605 362 648 Add
394 605 483 646 also
517 603 671 659 [Aug]
704 602 842 644 861111.
874 600 958 643 279
987 599 1006 657 g
1034 602 1071 642 3.
1134 600 1185 641 A.
1203 599 1265 654 8.]

326 712 330 717 .
350 683 600 716 ILLVSORES
622 671 739 713 Terb.
758 671 835 724 (1).
878 669 989 726 Aug.
1009 670 1088 723 (1).
1126 669 1244 711 Paul.
1264 668 1362 710 Nol.
1382 669 1449 721 (1)
1471 668 1575 721 (add
1593 667 1682 709 this
1704 667 1826 723 place

262 745 466 798 10161116).
517 741 637 798 [Add
652 742 741 783 also
760 740 880 782 Hier.
896 740 981 781 and
1000 740 1119 796 uulg.
1134 740 1241 780 from
1260 739 1655 781 Benoist—Goelzer.
1697 738 1750 778 A.
1764 737 1827 792 S.]

199 831 243 855 10
352 831 390 872 p.
413 816 495 855 128
514 814 538 855 1,
556 815 610 854 23
630 822 800 853 MIMICE
824 810 924 852 8611.
949 825 1012 866 ep.
1037 811 1091 851 26
1114 808 1175 866 §5
1198 809 1446 851 simulatio:
1477 809 1644 850 mimus.
1690 810 1743 849 55
1765 805 1829 864 §4

263 884 544 928 mendacium.
584 885 608 924 5
630 880 686 939 §1
707 880 893 936 conspici
910 880 1096 934 cupiunt.
1113 881 1137 921 6
1154 878 1314 935 passim
1333 879 1466 933 (word
1491 880 1516 920 3
1540 894 1633 921 cxx.
1651 878 1696 919 in
1720 878 1828 920 leXX.

264 956 304 999 h.
328 957 353 998 1.
377 954 537 998 Catull.
561 953 661 995 8611.
685 952 799 1006 Rh.).
858 950 971 1006 [Not
994 965 1089 991 now
1110 950 1213 992 read
1236 949 1281 991 in
1305 949 1405 992 8611.
1429 949 1512 990 Rh.
1564 948 1687 1003 A.S.]

356 1035 626 1068 AFFECTANT
658 1039 689 1065 c.
715 1025 768 1065 19
803 1021 929 1064 Fuld.
953 1037 992 1078 p.
1018 1023 1072 1064 62
1106 1021 1130 1063 1.
1163 1023 1199 1063 2.
1261 1021 1316 1062 ad
1348 1026 1436 1062 nat.
1469 1032 1483 1061 Ι
1517 1021 1543 1060 4
1576 1035 1614 1076 p.
1639 1021 1694 1061 63
1727 1019 1750 1061 1.
1776 1020 1830 1061 29

267 1097 393 1140 Wiss.
426 1097 499 1139 secl
529 1095 756 1138 ueritatem
787 1094 955 1135 saeculo
988 1092 1333 1149 operosissimam
1371 1090 1619 1147 philosophi
1659 1089 1830 1145 quidem

203 1185 245 1217 15
267 1169 477 1225 affectant,
517 1165 736 1222 possident
778 1169 919 1206 autem
964 1161 1215 1211 Christiani,
1251 1161 1428 1216 ideoque
1480 1161 1554 1216 qui
1599 1160 1830 1216 possident,

267 1238 408 1294 mayis
428 1236 664 1292 displicent,
688 1234 791 1290 quia
814 1234 888 1289 qui
910 1232 1091 1288 affectat,
1113 1231 1288 1281 inludit,
1310 1231 1386 1286 qui
1405 1230 1608 1286 possidet,
1630 1230 1832 1287 defendit.

268 1307 446 1350 Herald.
470 1306 591 1362 Digr.
615 1317 631 1346 Ι
653 1320 685 1346 c.
710 1306 765 1347 33
788 1319 827 1360 p.
860 1305 1044 1345 260—-1,

357 1393 397 1434 p.
418 1377 546 1418 1281.
561 1377 616 1416 24
639 1385 850 1416 GLORIAM
872 1372 967 1414 infr.
990 1388 1022 1414 c.
1047 1371 1101 1413 47
1126 1387 1164 1428 p.
1186 1373 1268 1413 132
1292 1371 1316 1413 1.
1337 1373 1361 1413 9
1384 1386 1425 1412 11.
1471 1370 1598 1427 Cypr.
1622 1370 1689 1412 De
1713 1371 1834 1412 Bono

270 1447 518 1490 Patientiae
552 1449 576 1487 2
599 1446 671 1488 fin.
694 1446 733 1487 si
763 1444 978 1500 sapientia
1007 1443 1101 1484 illic
1128 1457 1235 1484 uera
1262 1456 1343 1483 non
1377 1447 1447 1490 est,
1476 1455 1560 1482 esse
1590 1456 1673 1482 non
1699 1445 1837 1496 potest

206 1536 251 1559 20
272 1525 308 1562 et
330 1534 437 1562 uera
451 1517 679 1574 patientia.
728 1531 829 1557 nam
847 1516 884 1556 si
900 1515 1074 1570 patiens
1094 1513 1169 1555 ille
1192 1519 1251 1554 est
1274 1512 1347 1568 qui
1368 1518 1427 1556 est
1448 1512 1626 1553 humilis
1648 1518 1685 1554 et
1707 1511 1836 1560 mitis,

269 1588 541 1646 philosophos
571 1592 712 1628 autem
740 1600 811 1627 nec
843 1585 1023 1626 humiles
1054 1598 1140 1625 esse
1171 1582 1368 1624 uidemus
1397 1596 1470 1624 nec
1501 1581 1623 1623 mites
1653 1581 1726 1623 sed
1757 1581 1838 1623 sibi

271 1661 453 1703 multum
478 1658 695 1714 placentes
722 1661 760 1698 et
781 1655 854 1697 hoc
876 1654 968 1711 ipso
990 1654 1100 1710 quod
1122 1653 1203 1695 sibi
1227 1653 1426 1709 placeant
1454 1651 1529 1694 deo
1557 1651 1838 1707 displicentes,

273 1735 456 1786 apparet
498 1727 591 1769 illic
634 1741 713 1768 non
753 1740 838 1767 esse
868 1723 1141 1781 patientiam,
1174 1723 1246 1765 ubi
1281 1723 1338 1764 sit
1373 1722 1559 1764 insolens
1597 1720 1838 1777 adfectatae

274 1799 482 1842 libertatis
519 1797 707 1839 audacia
739 1802 776 1838 et
817 1795 951 1837 exerti
992 1809 1040 1836 ac
1082 1792 1297 1836 seminudi
1331 1793 1518 1848 pectoris
1549 1791 1839 1834 inuerecunda

210 1891 254 1924 ²5
273 1870 496 1914 iactantia.

364 1957 403 1999 p.
451 1943 535 1982 128
579 1941 604 1982 l.
648 1941 702 1981 25
750 1948 955 1979 INTEGRE
1005 1935 1094 1979 Cic.
1143 1935 1240 1977 Tac.
1284 1934 1393 1976 Gell.
1436 1933 1566 1988 [Plin.
1609 1948 1673 1989 ep.
1717 1932 1840 1975 Suet.

275 2013 320 2055 in
358 2013 468 2054 lexx.
530 2009 631 2051 Add
662 2009 775 2065 Aug.
808 2023 905 2065 gen.
934 2007 989 2048 ad
1026 2006 1111 2048 litt.
1149 2020 1304 2047 summ.
1342 2019 1382 2061 p.
1419 2005 1516 2053 439,
1555 2005 1609 2045 13
1645 2003 1731 2059 Zy.,
1765 2003 1840 2045 loc.

277 2084 395 2138 hept.
420 2093 473 2123 ΙΙΙ
497 2083 534 2131 4,
557 2086 724 2136 quaest).
747 2079 865 2135 hepta.
890 2090 944 2119 ΙΙΙ
974 2079 1030 2120 40
1059 2093 1094 2120 a.
1122 2092 1176 2118 m.
1201 2075 1349 2118 CSEL
1376 2086 1438 2116 LX
1466 2089 1506 2130 p.
1537 2073 1632 2117 679.
1697 2073 1841 2116 Rufin.

277 2152 447 2209 (CSEL
469 2153 617 2205 XLVI.)
676 2150 728 2192 A.
744 2149 808 2205 8.]

215 2241 261 2273 30
368 2233 532 2265 SALVTI
564 2231 681 2262 SVAE
713 2230 901 2261 CVRANT
960 2218 1091 2275 Apul.
1123 2218 1190 2259 De
1220 2216 1314 2258 Deo
1344 2216 1460 2258 Socr.
1485 2217 1509 2256 2
1532 2215 1603 2256 fin.
1629 2214 1844 2270 potentiae

284 2309 381 2336 uero
423 2291 583 2334 animis
624 2292 876 2333 coniectatae
908 2305 988 2345 per
1029 2289 1184 2331 uarias
1224 2287 1432 2330 utilitates
1467 2286 1512 2327 in
1549 2286 1644 2327 uita
1676 2284 1844 2340 ayenola

282 2363 614 2406 animaduersae
649 2361 696 2402 in
737 2360 796 2402 eis
829 2359 962 2408 rebus,
1000 2358 1151 2415 quibus
1187 2372 1333 2399 eorum
1365 2355 1527 2411 sinyuli
1563 2360 1727 2397 curant.
1788 2354 1844 2395 id.

283 2434 407 2490 Apol.
433 2436 455 2474 1
482 2433 667 2474 alteram
689 2446 788 2473 uero
818 2430 1009 2472 caelitem
1040 2428 1254 2477 Venerem,
1281 2426 1489 2483 praedita
1521 2440 1628 2480 quae
1657 2426 1712 2466 sit
1738 2424 1844 2480 opti-

283 2505 393 2547 mati
413 2518 559 2546 amore
579 2502 682 2544 solis
702 2500 941 2543 hominibus
962 2506 1000 2542 et
1021 2514 1167 2542 eorum
1194 2497 1349 2553 paucis
1378 2511 1541 2540 curare.
1605 2495 1736 2537 Lexx.
1759 2494 1845 2536 cite

220 2590 264 2623 35
285 2574 439 2617 Attius
461 2573 546 2615 and
570 2572 711 2613 Plaut.
774 2571 877 2625 [See
900 2570 1025 2612 Thes.
1049 2581 1098 2610 IV
1123 2571 1236 2610 1502
1259 2569 1326 2610 83.
1389 2566 1441 2609 Α.
1460 2566 1522 2620 8.]

373 2659 412 2700 p.
438 2646 521 2684 128
554 2643 578 2684 l.
603 2644 656 2684 26
689 2652 953 2683 DISCIPLINA
987 2639 1053 2681 De
1087 2637 1253 2680 Paenit.
1277 2639 1314 2680 3.
1377 2636 1445 2678 De
1475 2635 1591 2679 Cult.
1619 2635 1738 2677 Fem.
1762 2647 1797 2676 11
1821 2638 1843 2676 1

286 2714 371 2756 and
416 2716 481 2755 10.
556 2712 676 2769 Orig.
718 2717 852 2753 contr.
890 2711 1001 2754 Cels.
1040 2722 1089 2751 VI
1134 2708 1186 2751 17
1230 2708 1380 2750 denies
1413 2707 1512 2750 that
1556 2706 1714 2748 Plam's
1751 2721 1845 2762 per-

287 2784 457 2827 suasive
481 2783 616 2825 words
638 2798 717 2825 can
739 2782 855 2824 hrain
877 2781 944 2824 his
966 2780 1168 2837 disciples
1191 2785 1236 2822 to
1258 2779 1391 2836 piety.
