1975 3306
251 64 336 105 430
823 62 1232 105 TERTVLLIANI
1465 66 1524 121 [p.
1554 66 1683 109 1261.
1713 70 1818 110 17—-

340 191 560 220 MODICVM
618 186 697 221 cet.
756 178 855 221 Sen.
909 193 974 235 ep.
1025 181 1080 221 94
1128 177 1148 236 ἓ
1189 179 1211 221 7
1267 180 1475 236 optimam
1526 181 1688 223 doloris
1738 197 1823 224 esse

254 255 468 299 naturam,
509 249 621 304 quod
668 265 746 290 'non
798 254 934 305 potest
979 264 1053 291 uec
1099 250 1177 305 qui
1220 250 1460 292 eoetemlitur
1498 267 1682 307 maqnus
1727 267 1822 303 esse,

254 336 323 363 nec
352 321 426 376 qui
457 327 515 362 est
543 336 726 375 „azymus
755 320 932 362 eoetencli.
998 320 1085 363 Cic.
1109 320 1176 362 De
1199 320 1341 364 Finib.
1366 333 1399 362 ΙΙ
1421 320 1441 378 ξ
1465 325 1517 363 22
1541 323 1632 364 iam
1663 323 1825 365 doloris

251 392 561 433 *medicamenta
603 392 683 433 illa
727 392 947 447 Epicurea
994 398 1216 447 tamquam
1257 392 1308 434 cle
1350 393 1564 436 ‘tutrthecio
1600 400 1824 449 proment:

211 477 230 508 5
251 463 295 504 si
323 463 516 516 qrauis,
549 462 746 513 breuis;
781 463 826 503 si
858 463 1045 518 lon-(sua
1079 463 1215 505 leuis.
1279 463 1335 505 ib.
1364 461 1403 520 ἐξ
1436 466 1501 506 94.
1533 466 1598 507 95.
1663 464 1825 506 Oehler

254 533 292 575 h.
326 533 349 574 l.
383 533 492 575 cites
524 533 651 590 Diog.
688 533 830 575 Laert.
866 545 898 574 X
932 536 1016 575 140
1048 533 1288 591 (Menage).
1353 534 1466 576 Plut.
1504 534 1571 576 De
1606 534 1826 577 Audiend.

254 604 372 645 Poet.
406 603 493 647 36¹).
556 605 613 647 M.
649 604 861 646 Antonin.
896 617 964 645 VII
1002 608 1024 645 5
1063 605 1150 646 and
1187 607 1253 647 38.
1318 606 1367 647 cf.
1401 605 1573 647 Usener
1610 605 1824 662 Epicurea
1874 644 1878 647 .

254 674 321 716 Fr.
351 676 436 716 446
467 673 548 716 447
579 690 650 731 pp.
683 676 837 716 291-2.

341 761 380 802 p.
406 747 489 788 126
523 746 547 787 1.
573 747 626 787 19
656 756 981 786 SPECVLATORE
1009 744 1171 787 Minue.
1196 747 1250 787 32
1277 743 1297 802 ξ
1319 747 1343 788 9
1376 752 1532 801 quanto
1561 746 1701 802 wia-qis
1723 746 1826 788 deus

189 835 234 858 10
253 822 402 858 auctor
434 816 624 858 omnium
656 830 705 857 ac
732 815 972 870 speculator
999 815 1200 865 omnium,
1224 831 1251 857 a
1279 830 1357 870 quo
1385 816 1555 858 nullum
1576 822 1714 872 potest
1740 831 1825 859 esse

253 892 467 932 secretum,
500 885 679 927 tenebris
715 886 896 934 interest,
928 885 1101 927 interest
1137 885 1461 940 coqitationibus
1500 887 1669 937 uostris,
1700 887 1826 943 quasi

254 957 404 998 alteris
441 956 652 998 tenebris!
713 955 912 997 Lactant.
946 967 995 996 V1
1032 958 1085 996 18
1117 953 1214 1011 §12
1247 955 1359 998 seolet
1391 957 1504 999 enim
1537 957 1753 999 mamimus
1789 964 1827 1000 et

255 1027 536 1082 aequissimus
556 1026 686 1068 iudea*
705 1026 948 1081 speculator
970 1040 1019 1068 ac
1042 1025 1157 1068 testis
1179 1027 1378 1069 onmium.
1430 1026 1489 1069 ib.
1515 1029 1570 1068 24
1591 1026 1630 1085 ἐξ
1654 1030 1825 1070 11-20

255 1097 527 1139 remarkable
564 1102 755 1138 extracts
798 1096 906 1137 from
951 1095 1128 1137 Seneca.
1166 1107 1201 1137 ΙΙ
1238 1098 1291 1138 16
1324 1094 1343 1154 ἓ
1375 1099 1412 1139 8.
1474 1097 1542 1139 De
1574 1098 1647 1140 Ira
1678 1101 1704 1140 8
1735 1097 1755 1156 ξ
1787 1101 1824 1141 8.

192 1189 234 1220 15
258 1169 464 1210 Prudent.
503 1167 704 1211 Cathem.
744 1179 779 1208 ΙΙ
819 1170 902 1209 105
946 1168 1189 1223 speculator
1225 1168 1369 1210 adstat
1412 1168 1601 1224 desuper,
1643 1169 1717 1225 qui
1754 1185 1827 1212 nos

256 1239 401 1282 diebus
450 1239 641 1281 omnibus
688 1245 886 1294 actusque
926 1244 1091 1280 nostros
1130 1239 1344 1294 prospicit
1385 1254 1412 1280 a
1455 1239 1544 1281 luce
1584 1240 1738 1295 prima
1779 1241 1827 1282 in

260 1325 490 1366 uesperam.
553 1310 620 1352 hic
652 1310 778 1360 testis,
811 1309 878 1351 hic
909 1314 968 1351 est
999 1308 1171 1359 arbiter,
1204 1314 1283 1351 etc.

346 1392 673 1422 DISPVNGIMVR
725 1395 758 1422 c.
803 1382 857 1421 18
900 1394 939 1436 p.
985 1381 1039 1421 58
1084 1380 1302 1422 suscitatis
1355 1380 1546 1422 omnibus
1598 1381 1649 1423 ab
1702 1381 1827 1424 initio

257 1451 469 1508 defunctis
522 1458 560 1494 et
615 1450 866 1508 reformatis
923 1456 960 1492 et
1015 1450 1234 1493 recensitis
1285 1450 1343 1493 ad
1405 1451 1626 1507 utriusque
1683 1453 1828 1495 meriti

191 1542 238 1565 20
258 1522 606 1577 dispunctionem.
667 1537 699 1564 c.
724 1520 777 1563 37
812 1521 850 1563 si
871 1521 1039 1563 malum
1059 1521 1175 1563 malo
1193 1536 1323 1577 penes
1343 1536 1419 1564 uos
1440 1521 1645 1578 clispunqi
1673 1523 1825 1566 liceret.

257 1609 289 1635 c.
312 1596 369 1635 44
391 1609 430 1636 n.

346 1681 384 1721 p.
411 1667 493 1707 126
524 1665 548 1707 l.
574 1666 629 1706 20
659 1675 760 1706 SOLI
792 1679 824 1706 c.
848 1665 904 1706 30
927 1679 966 1720 p.
991 1665 1045 1706 96
1070 1664 1093 1706 l.
1118 1666 1174 1706 30
1207 1664 1281 1720 qui
1306 1679 1400 1707 eum
1423 1665 1505 1719 (i.e.
1529 1664 1688 1719 Deum)
1713 1666 1827 1708 solus

259 1736 440 1778 obseruo.

346 1822 385 1862 p.
412 1807 495 1847 126
520 1805 560 1846 ll.
586 1806 641 1846 20
658 1805 699 1846 ff.
723 1804 921 1846 Internal
944 1803 1150 1846 evidence
1173 1803 1219 1845 in
1242 1804 1384 1847 Tert.:
1416 1820 1449 1847 c.
1473 1807 1527 1847 49
1552 1820 1590 1861 p.
1616 1807 1700 1847 140
1723 1805 1746 1848 l.
1772 1807 1822 1847 21

193 1896 238 1928 25
259 1876 436 1932 appeals
487 1882 564 1917 not
617 1876 718 1931 only
765 1881 811 1916 to
859 1875 936 1917 the
978 1873 1180 1916 intrinsic
1222 1875 1466 1916 excellence
1509 1875 1556 1916 of
1603 1874 1827 1918 Christian

259 1946 466 1995 doctrine,
498 1946 581 1987 but
615 1951 660 1987 to
694 1945 753 1987 its
791 1944 919 1987 fruits
953 1944 1230 1999 (Tzschirner
1266 1945 1368 2000 1⁴65)
1400 1945 1446 1986 in
1484 1944 1709 1988 Christian
1742 1946 1827 1988 life.

260 2031 292 2057 c.
326 2018 377 2056 21
414 2016 484 2056 fin.
523 2016 714 2071 quaerite
748 2030 857 2070 erqo,
890 2016 928 2057 si
964 2030 1070 2057 uera
1103 2015 1159 2057 sit
1195 2016 1281 2057 ista
1313 2015 1524 2057 diuinitas
1558 2015 1729 2058 Christi.
1790 2017 1830 2057 si

260 2101 309 2128 ea
331 2092 401 2135 est,
424 2101 508 2142 qua
534 2087 701 2141 cogynita
728 2086 786 2127 acl
814 2086 966 2127 bonam
995 2086 1090 2141 quis
1117 2085 1384 2141 reformetur,
1408 2086 1608 2141 sequitur,
1632 2092 1678 2128 ut
1697 2086 1828 2142 falsa

260 2158 528 2198 renuntietur
549 2157 726 2212 quaevis
752 2157 845 2198 alia
875 2156 1097 2198 contraria
1120 2161 1345 2210 comperta.
1408 2155 1570 2198 Arnob.
1594 2168 1609 2197 Ι
1633 2158 1658 2198 6
1681 2158 1736 2198 38
1759 2159 1826 2199 39.

197 2245 242 2276 30
262 2226 379 2283 Orig.
414 2226 562 2269 Contr.
597 2226 707 2268 Cels.
741 2238 756 2266 Ι
789 2241 820 2267 c.
856 2228 880 2267 3
913 2240 951 2281 p.
989 2228 1011 2265 2
1045 2225 1121 2266 the
1154 2225 1227 2266 life
1260 2226 1307 2266 of
1339 2224 1586 2267 Christians
1618 2225 1694 2267 the
1731 2226 1828 2268 best

261 2299 445 2355 apology
474 2299 522 2339 of
547 2297 708 2340 Christ.
772 2312 803 2338 c.
828 2299 879 2339 31
913 2312 983 2352 pp.
1009 2298 1063 2337 23
1092 2298 1147 2337 24
1178 2296 1309 2338 ‹Jesus
1341 2302 1418 2338 not
1450 2296 1612 2352 taught
1641 2297 1688 2338 of
1716 2311 1828 2339 man.

262 2367 317 2409 ib.
350 2384 381 2409 c.
416 2367 468 2410 67
504 2383 542 2424 p.
577 2370 631 2409 53
670 2367 930 2423 gentleness‚
965 2366 1206 2422 discipline,
1238 2366 1449 2408 kindness
1486 2367 1533 2407 of
1570 2365 1829 2409 Christi-ans.

261 2439 310 2479 cf.
334 2454 372 2494 p.
393 2440 444 2479 21
471 2438 717 2480 Christians
740 2438 847 2478 from
872 2436 1096 2478 heathens.
1150 2447 1203 2476 ΙΙΙ
1228 2451 1260 2477 c.
1284 2438 1339 2477 30
1362 2451 1432 2492 pp.
1455 2437 1595 2478 128-9
1618 2436 1828 2478 churches

262 2515 308 2550 at
346 2509 518 2550 Athens
556 2508 641 2550 and
679 2507 877 2557 Corinth,
910 2506 1139 2562 compared
1177 2506 1283 2548 with
1322 2506 1513 2547 heathen
1551 2505 1827 2561 neighbours.

197 2593 241 2625 35
263 2579 420 2620 Iustin.
453 2579 578 2635 Apol.
612 2590 626 2619 1
659 2593 691 2619 c.
725 2580 780 2619 30
813 2593 851 2633 p.
886 2579 937 2617 21
975 2576 1065 2622 υἱὸς
1104 2576 1150 2618 δὲ
1183 2576 1284 2618 θεοῦ
1318 2574 1339 2618 ὁ
1375 2574 1548 2627 Ἰησοῦς
1579 2574 1828 2629 λεγόμενος,

264 2648 300 2691 εἰ
341 2649 415 2690 καὶ
461 2651 615 2693 κοινῶς
651 2648 784 2702 μόνον
826 2645 1070 2703 ἄνθρωπος,
1110 2644 1181 2687 διὰ
1225 2644 1390 2701 σοφίαν
1426 2643 1548 2698 ἄξιος
1592 2643 1683 2689 υἱὸς
1726 2644 1827 2687 θεοῦ

262 2717 488 2773 λέγεσθαι,
565 2717 783 2758 Evidence
833 2717 881 2757 of
927 2715 1152 2758 Christian
1194 2714 1278 2764 life,
1323 2714 1377 2756 ib.
1421 2714 1545 2770 Apol.
1590 2725 1605 2754 Ι
1650 2716 1703 2754 12
1752 2717 1828 2766 (no

264 2787 508 2843 exposition
537 2788 585 2828 of
610 2786 805 2828 children
831 2801 863 2828 c.
891 2788 946 2828 36
974 2785 1060 2839 37).
1123 2785 1172 2826 cf.
1195 2784 1414 2840 Athenag.
1437 2798 1469 2825 c.
1496 2786 1545 2824 11
1571 2798 1640 2839 pp.
1668 2786 1717 2824 11
1746 2785 1828 2826 12;
