1975 3306
303 144 357 185 96
883 140 1289 183 TERTVLLIANI

302 259 422 309 toris,
450 259 553 314 quia
577 258 673 300 illos
697 272 784 299 non
810 257 1050 299 subicimus
1074 256 1204 299 rebus
1228 257 1329 307 suis,
1358 257 1460 312 quia
1485 272 1574 299 non
1598 257 1791 299 ludimus
1815 257 1869 298 de

303 333 444 374 officio
474 333 628 374 salutis
656 332 852 387 ipsorum
882 331 957 386 qui
987 345 1084 372 eam
1113 346 1202 372 non
1231 336 1442 386 putamus
1470 331 1511 372 in
1545 331 1749 373 manibus
1779 345 1869 373 esse

302 407 558 463 plumbatis.
620 406 704 448 Sed
730 421 810 447 uos
834 405 1082 462 inreligiosi,
1111 406 1185 461 qui
1213 419 1309 446 eam
1336 406 1547 461 quaeritis
1571 405 1647 447 ubi
1672 421 1761 447 non
1788 411 1866 456 est,

302 481 453 537 petitis
473 496 498 522 a
519 481 679 537 quibus
698 481 792 522 dari
812 495 900 522 non
920 485 1081 535 potest,
1103 480 1343 535 praeterito
1363 494 1412 521 eo
1432 480 1477 521 in
1497 480 1620 521 cuius
1640 485 1706 522 est
1724 485 1868 536 potes-

302 561 409 598 tate.
471 555 657 611 Insuper
685 569 756 596 eos
783 554 1013 596 debellatis
1041 554 1115 609 quj
1144 568 1240 595 eam
1268 554 1414 595 sciunt
1440 559 1601 609 petere,
1632 555 1706 609 qui
1735 554 1868 596 etiam
1889 567 1909 599 5

301 636 489 686 possunt
509 630 758 685 impetrare,
784 629 891 670 dum
914 629 1060 670 sciunt
1081 634 1242 684 petere.

385 762 460 805 30.
521 762 612 803 Nos
648 762 763 803 enim
799 775 877 816 pro
913 761 1055 802 salute
1090 760 1408 815 imperatorum
1444 760 1576 802 deum
1610 760 1870 802 inuocamus

302 843 544 887 aeternum,
569 837 701 878 deum
723 850 890 885 uerum,
915 836 1047 876 deum
1068 835 1236 885 uiuum,
1261 849 1392 890 quem
1415 840 1459 876 et
1479 835 1561 890 ipsi
1582 835 1869 890 imperatores

302 912 544 968 propitium
566 911 648 952 sibi
669 916 843 966 praeter
865 915 1032 951 ceteros
1053 909 1239 950 malunt.
1302 909 1456 950 Sciunt
1477 910 1574 964 quis
1594 910 1678 951 illis
1699 909 1870 951 dederit

301 986 548 1042 imperium,
576 985 734 1035 sciunt,
763 999 850 1040 qua
876 984 1087 1033 homines,
1116 984 1214 1038 quis
1239 989 1284 1024 et
1309 983 1516 1034 animam,
1544 983 1743 1025 sentiunt
1768 998 1868 1025 eum
1891 997 1935 1021 10

303 1075 395 1103 esse
429 1061 561 1102 deum
597 1060 739 1101 solum
774 1059 819 1100 in
855 1059 978 1100 cujus
1013 1058 1146 1099 solius
1181 1063 1405 1113 potestate
1440 1064 1557 1108 sunt,
1596 1072 1621 1099 a
1657 1073 1744 1113 quo
1780 1059 1870 1100 sint

301 1135 495 1185 secundi,
531 1140 632 1189 post
665 1148 796 1189 quem
829 1133 971 1188 primi,
1007 1138 1111 1174 ante
1144 1146 1295 1173 omnes
1328 1137 1373 1173 et
1404 1146 1534 1187 super
1567 1146 1717 1173 omnes
1750 1132 1885 1174 deosw

304 1209 493 1260 Quidni?
524 1223 623 1250 cum
641 1221 771 1263 super
788 1221 939 1248 omnes
956 1206 1167 1257 homines,
1185 1206 1259 1261 qui
1276 1206 1431 1261 utique
1447 1206 1609 1248 uiuunt
1626 1212 1671 1248 et
1683 1206 1869 1248 mortuis

302 1284 536 1326 antistant.
597 1282 865 1338 Recogitant
896 1295 1125 1336 quousque
1156 1280 1269 1321 uires
1300 1280 1470 1335 imperii
1501 1280 1567 1322 sui
1597 1280 1790 1331 ualeant,
1819 1271 1869 1322 'et

301 1359 367 1400 ita
394 1358 526 1400 deum
552 1357 836 1412 intellegunt3
881 1355 1092 1396 aduersus
1120 1369 1251 1409 quem
1277 1354 1423 1395 ualere
1449 1369 1538 1396 non
1564 1360 1762 1410 possunt,
1792 1369 1869 1410 per
1890 1370 1932 1403 15

303 1447 403 1474 eum
426 1432 572 1474 ualere
594 1446 639 1473 se
661 1435 944 1486 cognoscunt.
997 1429 1175 1471 Caelum
1192 1428 1381 1483 denique
1403 1428 1592 1470 debellet
1612 1429 1865 1484 imperator,

303 1507 473 1549 caelum
497 1506 726 1561 captiuum
750 1504 976 1559 triumpho
1000 1518 1078 1545 suo
1101 1503 1298 1553 inuehat‚
1325 1503 1444 1544 caelo
1468 1503 1623 1545 mittat
1646 1503 1866 1554 excubias,

303 1581 423 1623 caelo
447 1580 682 1636 uectigalia
705 1579 920 1634 imponat.
982 1577 1083 1619 Non
1108 1582 1269 1632 potest.
1330 1576 1437 1618 Ideo
1463 1591 1648 1633 magnus
1673 1582 1740 1619 est
1764 1578 1868 1633 quia

303 1655 423 1697 caelo
455 1655 598 1696 minor
629 1658 708 1695 est.
769 1653 894 1694 Illius
925 1652 1040 1693 enim
1073 1656 1140 1692 est
1169 1651 1262 1706 ipse
1294 1650 1417 1692 cuius
1449 1655 1494 1692 et
1525 1651 1694 1693 caelum
1727 1656 1793 1693 est
1825 1657 1870 1694 et

303 1730 445 1773 omnis
474 1734 687 1770 creatura.
748 1727 860 1768 Inde
887 1732 954 1768 est
980 1726 1221 1781 imperator
1248 1725 1366 1766 unde
1395 1730 1439 1766 et
1467 1725 1598 1767 homo
1626 1731 1868 1781 antequam
1889 1741 1935 1766 20

301 1805 555 1860 imperator,
576 1803 679 1844 inde
698 1807 897 1857 potestas
915 1801 976 1842 illi
996 1800 1113 1842 unde
1134 1805 1179 1841 et
1198 1799 1390 1854 spiritus
1452 1799 1563 1840 Illuc
1582 1791 1868 1855 suspicientes

303 1878 538 1921 Christiani
567 1876 773 1918 manibus
801 1875 1018 1931 expansis,
1050 1874 1153 1929 quia
1181 1873 1571 1928 innocuisffcapite
1599 1874 1732 1925 nudo,
1764 1875 1868 1929 quia

303 1968 392 1995 non
409 1952 715 2001 erubescimus,
734 1950 924 2004 denique
939 1949 1030 1990 sine
1045 1948 1275 1998 monitore,
1295 1947 1399 2003 quia
1414 1947 1469 1989 de
1484 1953 1660 2003 pectore
1675 1963 1864 1999 oramus,

304 2032 534 2082 precantes
567 2039 719 2067 sumus
751 2038 921 2079 semper
954 2037 1032 2078 pro
1066 2022 1270 2063 omnibus
1302 2022 1655 2076 imperatoribus,
1716 2022 1866 2064 Vitam

302 2102 386 2143 illis
425 2101 654 2156 prolixam,
695 2099 928 2154 imperium
969 2111 1182 2147 securum,
1225 2096 1406 2138 domum
1447 2102 1606 2146 tutam,
1650 2097 1865 2139 exercitus
1885 2114 1930 2147 25

303 2176 451 2226 fortes,
493 2180 696 2217 senatum
735 2173 922 2222 fidelem,
963 2171 1176 2227 populum
1216 2170 1417 2226 probum,
1459 2170 1609 2212 orbem
1649 2171 1862 2226 quietum,

304 2263 592 2305 quaecunque
620 2247 808 2289 hominis
836 2252 881 2287 et
908 2245 1102 2287 Caesaris
1129 2250 1236 2286 uota
1264 2250 1380 2295 sunt,
1412 2244 1518 2286 haec
1545 2244 1601 2286 ab
1630 2244 1714 2286 alio
1742 2259 1865 2286 orare

303 2339 392 2365 non
423 2338 601 2378 possum
633 2336 767 2377 quam
798 2335 824 2362 a
856 2335 943 2375 quo
974 2334 1044 2361 me
1074 2319 1162 2361 scio
1195 2324 1545 2368 consecuturum,
1579 2319 1788 2373 quoniam
1819 2325 1865 2360 et

302 2399 395 2453 ipse
425 2404 490 2439 est
519 2397 593 2452 qui
623 2396 740 2438 solus
768 2400 966 2450 praestat
994 2399 1039 2435 et
1069 2408 1146 2449 ego
1175 2408 1272 2434 suin
1302 2393 1370 2434 cui
1398 2393 1634 2447 impetrare
1663 2393 1861 2444 debetur,

302 2472 495 2513 famulus
524 2471 628 2521 eius,
661 2470 735 2525 qui
767 2483 867 2510 eum
897 2468 1013 2509 solus
1043 2467 1240 2517 obseruo,
1274 2467 1348 2522 qui
1379 2471 1558 2521 propter
1587 2466 1863 2522 disciplinam
1883 2484 1929 2517 30

304 2547 394 2587 eius
423 2545 608 2595 occidor,
640 2544 714 2599 qui
744 2543 781 2584 ei
810 2542 944 2584 offero
974 2542 1168 2596 opimam
1198 2546 1242 2582 et
1270 2540 1480 2582 maiorem
1509 2540 1698 2581 hostiam
1728 2555 1863 2595 quam

301 2620 394 2674 ipse
417 2619 660 2668 mandauit,
687 2617 930 2658 orationem
953 2615 1007 2657 de
1030 2629 1159 2656 carne
1181 2614 1353 2670 pudica,
1379 2614 1433 2655 de
1455 2613 1602 2654 anima
1623 2613 1859 2664 innocenti,

303 2693 357 2734 de
397 2693 551 2747 spiritu
594 2697 746 2733 sancto
787 2689 1044 2746 profectam,
1086 2703 1174 2730 non
1214 2702 1349 2744 grana
1390 2687 1531 2729 thuris
1570 2687 1700 2729 unius
1739 2688 1858 2738 assis,

302 2766 515 2808 Arabicae
537 2765 702 2806 arboris
722 2764 937 2813 lacrimas,
960 2777 1040 2804 nec
1060 2763 1170 2804 duas
1191 2762 1296 2803 meri
1318 2767 1481 2817 guttas,
1504 2775 1584 2802 nec
1604 2762 1860 2818 sanguinem

302 2840 473 2896 reprobi
496 2840 622 2881 bouis
645 2839 753 2880 mori
776 2838 986 2893 optantis,
1011 2842 1056 2878 et
1077 2842 1179 2892 post
1200 2836 1347 2878 omnia
1368 2835 1703 2891 inquinamenta
1726 2835 1857 2877 etiam
1879 2850 1924 2883 35
