1975 3306
125 158 168 200 p.
193 142 296 185 481.
326 143 394 196 10]
593 141 1037 202 APOLOGETIQVS
1072 144 1137 194 13,
1174 144 1226 184 14
1607 145 1689 186 235

124 262 288 299 enectus
318 255 405 298 Cic.
428 255 495 298 De
518 255 715 298 Diuinatz.
747 267 780 297 ΙΙ
809 254 829 312 ξ
852 255 916 298 73.
979 256 1094 298 Terta.
1117 256 1171 298 ad
1197 262 1285 298 nat.
1309 268 1324 297 Ι
1357 259 1411 298 10
1439 272 1478 313 p.
1503 255 1557 298 78
1585 257 1608 299 l.
1635 259 1688 299 14

126 326 251 368 Wiss.
285 341 364 368 non
402 326 698 368 dico...enecta
731 332 769 368 et
802 326 951 368 tabida
988 341 1174 383 quaeque
1210 327 1420 377 mactatis,
1449 326 1502 369 de
1533 327 1689 382 opimis

125 403 266 439 autem
296 402 334 438 et
365 396 545 451 inte-oris
575 411 847 452 superuacua
878 396 969 438 esui
999 397 1205 453 capitula,
1236 403 1274 439 et
1308 398 1492 453 ‹ztizqulas
1523 404 1560 439 et
1588 398 1688 453 plu-

124 483 297 509 marum
318 473 563 522 saetarumq
573 481 619 508 ue
643 467 898 521 praeuulsa,
919 473 958 509 et
978 467 1017 508 si
1037 467 1142 523 quid
1163 467 1281 509 domi
1301 482 1461 523 quoque
1484 468 1690 510 abiecturi

114 537 324 594 fecissetis.
372 536 561 578 Lasaulx
585 536 667 578 275
692 552 730 579 n.
755 536 850 579 387.
898 536 1059 579 Arnob.
1084 548 1099 577 Ι
1123 539 1178 579 39
1205 538 1433 579 aeternosis
1454 537 1686 580 arboribus.

126 606 392 663 Hermippos
420 605 465 647 in
497 605 659 648 Athen.
693 608 773 647 551
806 621 831 647 a
863 607 928 660 (to
960 605 1194 662 Dionysos)
1227 605 1267 648 οἱ
1299 605 1385 663 «γὰρ
1418 606 1652 661 πενόμενοι
1683 606 1687 663 l

127 676 335 731 ἀνάπηρά
378 694 453 718 σοι
497 675 683 718 θύουσιν
723 675 805 729 ἤδη
843 674 1010 728 βοίδια,
1043 676 1049 731 Ι
1084 675 1396 731 Λεωτρεφίδου
1438 677 1689 732 λεπτότερα

126 747 199 790 καὶ
234 745 546 800 Θουμάντιδος.
609 746 755 802 Aesop
784 745 828 787 in
856 746 1145 803 Havercmnp,
1171 763 1196 788 a
1228 748 1432 789 traveller
1464 747 1611 789 vowed
1643 754 1688 789 to

127 819 313 860 Hermes
342 817 418 859 the
448 817 544 858 half
569 817 616 858 of
642 816 710 858 his
740 816 978 858 Windfalls:
1009 817 1181 873 finding
1208 833 1234 859 a
1262 817 1348 873 bag
1379 818 1458 859 full
1491 818 1688 860 of‘dates

125 888 210 929 and
232 887 440 937 almonds,
459 887 513 929 he
535 887 657 943 gives
679 893 724 929 to
747 887 822 929 ‘ohe
845 887 930 944 god
952 887 1223 929 date-stones
1245 888 1331 929 and
1348 888 1523 929 almond
1546 888 1688 929 shells.

126 958 293 1000 Lucian
324 957 392 999 bis
423 972 507 999 acc.
532 959 586 998 10
619 956 664 998 in
698 957 808 998 HaV.
833 972 872 999 n.
897 957 964 998 47.
1027 957 1166 999 Levita.
1200 960 1264 999 22.
1290 960 1344 999 20
1375 973 1433 1013 sq.
1498 958 1689 1000 Nevelet,

127 1028 310 1069 Malach.
336 1030 357 1068 1
383 1029 420 1069 8.
446 1029 510 1069 14.
564 1026 701 1070 Clem.
730 1027 854 1068 Alex.
884 1027 1044 1069 Strom.
1067 1038 1136 1068 VII
1166 1042 1198 1068 c.
1227 1029 1251 1069 6
1274 1025 1294 1084 ξ
1315 1029 1371 1069 30
1405 1028 1689 1070 Pherecrates

126 1099 211 1140 and
236 1098 446 1140 Eubulus.
511 1096 531 1154 ἓ
552 1099 604 1139 31
623 1097 865 1138 Menander
886 1097 971 1138 and
995 1096 1172 1138 Hesiod.
1219 1097 1378 1139 Herod.
1403 1109 1438 1138 ΙΙ
1462 1100 1527 1140 38.
1574 1098 1688 1141 Plut.

128 1167 249 1211 Orac.
280 1168 375 1209 Des.
406 1169 461 1210 49
494 1170 549 1220 (II
583 1167 707 1222 43722)
740 1167 804 1209 δεῖ
835 1166 883 1209 τὸ
919 1165 1109 1221 θύσιμον
1141 1169 1202 1223 τῷ
1235 1185 1282 1209 τε
1315 1166 1493 1220 σώματι
1526 1167 1601 1209 καὶ
1634 1167 1688 1223 τῇ

127 1239 262 1295 ψυχῇ
286 1236 483 1293 καθαρὸν
500 1235 610 1279 εἶναι
632 1237 709 1279 καὶ
731 1235 880 1282 ἀσινὲς
901 1237 972 1278 καὶ
1006 1235 1292 1293 ἀδιάφθορον.
1357 1237 1484 1294 Verg.
1508 1237 1616 1279 Aen.
1640 1249 1689 1278 lV

129 1307 182 1349 57
215 1308 343 1350 lectas
373 1307 425 1349 de
455 1322 572 1349 more
604 1307 796 1349 bidentes.
861 1307 941 1348 Ou.
966 1306 1144 1347 Metam.
1175 1317 1241 1346 XV
1273 1307 1355 1347 130
1388 1307 1566 1348 uictima
1600 1307 1691 1349 labe

128 1393 277 1420 carens
308 1383 346 1419 et
370 1377 749 1432 praestantissima
769 1377 934 1433 forma.
1000 1376 1153 1417 Pollux
1176 1388 1191 1416 Ι
1216 1379 1238 1416 1
1269 1375 1376 1432 ἓ26.
1439 1376 1620 1418 Aristot.
1645 1377 1690 1418 in

127 1447 288 1489 Athen.
327 1447 410 1489 674
442 1448 467 1489 f.
531 1446 650 1490 Com.
686 1447 751 1488 Fr.
789 1446 930 1488 Anon.
964 1445 1167 1487 Meineke
1206 1457 1255 1486 IV
1294 1448 1377 1488 613
1415 1462 1453 1487 n.
1488 1449 1540 1487 41
1582 1447 1689 1488 from

129 1517 263 1560 Clem.
297 1518 420 1559 Alex.
448 1517 606 1559 Strom.
634 1528 703 1557 VII
730 1519 796 1558 34.
861 1516 1066 1572 Porphyr.
1096 1515 1221 1558 Abst.
1249 1515 1395 1557 Anim.
1426 1527 1461 1556 ΙΙ
1494 1518 1560 1557 58.

215 1604 442 1634 TABIDOSA
465 1593 531 1634 De
555 1592 700 1634 Pudic.
727 1593 781 1632 14
803 1607 857 1633 m.

216 1679 255 1720 p.
279 1666 334 1705 48
357 1664 381 1705 1.
405 1667 431 1704 8
455 1675 633 1704 DECIMA
656 1674 886 1704 HERCVLIS
907 1678 939 1704 e.
958 1664 1013 1704 39
1037 1677 1075 1718 p.
1096 1665 1180 1703 114
1202 1662 1227 1703 1.
1247 1665 1311 1703 15.
1355 1661 1612 1717 Marquardf,
1636 1673 1689 1701 111

131 1734 312 1777 146-7.
373 1734 560 1775 Macrob.
583 1745 638 1774 ΙΙΙ
662 1735 686 1775 6
708 1732 728 1790 ξ
751 1736 816 1774 11.
851 1736 904 1774 12
926 1732 946 1790 ξ
968 1735 1004 1775 2.
1065 1733 1178 1774 Plut.
1204 1732 1310 1774 Sull.
1335 1734 1389 1774 35
1412 1730 1431 1788 ἓ
1454 1734 1490 1774 1.
1551 1731 1690 1775 Crass.

130 1807 154 1846 2
178 1805 277 1858 (vol.
301 1816 355 1845 ΙΙΙ
377 1820 416 1860 p.
440 1806 496 1846 40
518 1804 543 1846 l.
566 1806 592 1845 4
615 1803 679 1846 ed.
704 1803 847 1857 Sint.)
911 1803 999 1846 Cic.
1022 1803 1076 1844 de
1098 1808 1186 1844 nat.
1211 1802 1337 1844 Deor.
1362 1813 1417 1843 ΠΙ
1441 1804 1507 1843 88.

218 1893 256 1934 p.
287 1878 342 1917 48
381 1877 404 1919 1.
440 1878 494 1918 10
527 1887 588 1917 DE
621 1887 819 1916 PERDITo
852 1875 1075 1931 Aristoph.
1110 1874 1224 1915 Plut.
1260 1873 1548 1915 1107-1145
1577 1873 1689 1915 Hav.

130 1946 222 1987 The
244 1946 349 2002 gods
372 1946 569 2002 starving
598 1946 715 1987 since
746 1945 903 1987 Plutus
932 1944 1160 1986 recovered
1190 1943 1257 1985 his
1286 1943 1429 1999 sightg
1463 1942 1589 1985 Cario
1618 1949 1690 1984 ate
1710 1959 1728 1981 2

131 2031 191 2072 up
213 2031 322 2057 even
343 2016 489 2057 before
512 2015 746 2071 Mereury's
769 2015 894 2057 share
926 2015 1147 2063 ‘because
1169 2029 1225 2055 on
1253 2014 1486 2069 discovery,
1508 2028 1593 2069 you
1616 2013 1689 2054 did

130 2094 207 2127 not]
229 2086 353 2127 share
377 2086 453 2127 the
475 2085 692 2142 flogging.'
744 2085 862 2128 Lact.
887 2097 922 2126 ΙΙ
945 2088 972 2126 4
1001 2084 1020 2142 ξ
1043 2088 1095 2126 15
1125 2085 1192 2126 liis
1220 2099 1378 2125 aurum
1408 2090 1445 2126 et
1467 2089 1690 2138 aryentum

131 2162 384 2206 consecrant,
414 2171 519 2211 quae
552 2162 643 2197 tam
675 2171 758 2196 ‘non
793 2154 944 2197 habent
977 2155 1050 2210 qui
1085 2154 1302 2209 accipiunt
1338 2169 1467 2209 qurmi
1503 2153 1578 2208 qui
1608 2153 1690 2194 illa

132 2226 356 2267 donarunt.
419 2226 468 2267 cf.
498 2226 574 2267 the
607 2225 743 2267 ‘chefts
772 2227 820 2266 of
845 2225 1082 2281 Dionysius
1110 2223 1149 2281 g}
1172 2226 1354 2266 16—19.
1409 2223 1564 2265 Publil.
1596 2223 1688 2279 Syr.

134 2298 218 2338 604
240 2302 404 2338 mortuo
427 2311 581 2337 munus
602 2296 676 2351 qui
696 2296 840 2345 mittit,
861 2296 924 2337 nit
945 2296 1021 2337 dat
1042 2296 1123 2345 illi,
1146 2295 1303 2336 adimit
1323 2294 1415 2336 sibi.

223 2378 443 2407 LITTERAS
464 2372 545 2408 cet.
563 2381 695 2422 supra
716 2381 748 2408 o.
770 2368 823 2407 10
846 2366 932 2407 and
953 2369 1016 2407 11.
1040 2365 1095 2406 ad
1116 2371 1204 2406 nat.
1228 2376 1243 2405 Ι
1269 2367 1322 2406 10
1344 2379 1383 2419 p.
1404 2364 1457 2406 79
1476 2364 1499 2406 l.
1520 2366 1543 2404 2
1564 2364 1689 2406 Wiss.

135 2436 273 2478 adhuc
294 2436 564 2477 meminimus
585 2436 779 2477 Homeri.
821 2436 894 2476 ille
916 2435 1068 2490 opinor
1089 2440 1158 2482 est,
1177 2434 1250 2489 qui·
1271 2434 1470 2475 diuinam
1490 2434 1690 2475 maiesta-

136 2511 215 2546 tem
238 2505 427 2546 humana
450 2505 691 2547 condicione
712 2505 928 2553 tractauit,
951 2504 1116 2545 casibus
1137 2509 1175 2545 et
1190 2503 1464 2558 passionibus
1491 2503 1692 2545 hunianis

136 2575 232 2617 deos
249 2574 448 2624 imbuens,
466 2575 539 2630 qui
556 2574 605 2616 de
622 2575 715 2616 illis
723 2573 883 2629 fauore
900 2574 1084 2614 diuersis
1097 2573 1366 2628 ylctdiat07·ia
1382 2573 1692 2628 quodammodo

1708 555 1729 587 5

1710 907 1755 930 10

1711 1255 1754 1286 15

1710 2310 1756 2341 30

134 2644 267 2699 paria
308 2644 564 2699 composuit:
616 2643 818 2685 Venerem
858 2643 1027 2684 sauciat
1063 2643 1223 2697 sagitta
1264 2643 1465 2692 humana,
1501 2643 1691 2684 Illartem
1711 2661 1754 2692 35

134 2714 334 2755 tredecim
354 2713 563 2755 mensibus
584 2714 630 2754 in
655 2713 839 2755 uinculis
867 2713 1022 2754 detinet
1046 2712 1238 2767 fortasse
1263 2713 1523 2767 periturum,
1546 2713 1692 2754 eadem

86 2832 88 2835 y
134 2781 284 2823 Iouem
310 2798 445 2837 paene
470 2797 720 2838 perpessum
743 2798 770 2824 a
792 2783 992 2824 caelitum
1017 2782 1137 2837 plebe
1164 2782 1353 2823 traducit
1381 2788 1456 2823 aut
1484 2783 1691 2823 lacrimas

136 2851 226 2893 eius
265 2866 393 2907 super
432 2852 722 2907 Sarpedonem
763 2852 917 2893 excutit
958 2857 1033 2893 aut
1069 2852 1358 2893 luxuriantem
1396 2867 1490 2893 cum
1526 2852 1692 2893 Iunone
