1975 3306
249 199 274 239 8
827 200 1231 241 TERTVLLIANI

251 314 515 368 quibusdam
554 315 822 364 Christianis,
864 315 1129 370 quibusdam
1166 316 1305 371 gradu
1342 317 1490 372 pulsis,
1529 318 1624 373 ipsa
1662 323 1811 359 tamen

251 404 534 446 multitudine
559 405 857 460 perturbatus,
886 405 992 460 quid
1018 406 1072 446 de
1098 412 1241 448 cetero
1268 412 1428 462 ageret,
1458 407 1678 449 consuluit
1703 413 1812 449 tunc

252 493 488 534 Traianum
525 494 849 549 imperatorem,
890 495 1096 551 adlegans
1134 501 1307 550 praeter
1344 495 1688 537 obstinationem
1725 511 1813 537 non

248 584 521 626 sacrificandi
562 584 669 626 nihil
710 585 829 626 aliud
870 599 915 626 se
955 585 1009 626 de
1050 586 1335 627 sacramentis
1377 600 1527 627 eorum
1569 586 1813 640 conperisse

254 689 387 729 quam
419 680 569 716 coetus
599 675 884 716 antelucanos
915 675 971 716 ad
1003 676 1249 717 canendum
1281 676 1452 718 Christo
1484 682 1528 718 et
1558 676 1652 725 deo,
1686 682 1730 718 et
1759 676 1814 718 ad
1835 692 1854 723 5

254 764 651 806 confoederandam
671 765 959 820 disciplinam,
981 766 1279 817 homicidium,
1301 767 1579 817 adulterium,
1601 767 1814 816 fraudem,

256 854 482 909 perfidiam
503 860 547 896 et
566 860 709 896 cetera
729 855 889 896 scelera
908 856 1203 910 prohibentes.
1266 857 1388 898 Tunc
1408 857 1619 898 Traianus
1639 856 1815 910 rescrip-

254 945 311 986 sit
336 945 417 985 hoc
440 960 575 1000 genus
599 945 881 999 inquirendos
906 946 1085 1000 quidem
1108 961 1195 987 non
1220 961 1323 996 esse,
1350 946 1522 988 oblatos
1546 961 1648 987 uero
1673 944 1817 1000 puniri

254 1040 467 1089 oportere.
532 1034 566 1075 O
618 1034 884 1075 sententiam
936 1035 1196 1076 necessitate
1247 1036 1497 1077 confusam!
1560 1036 1705 1091 Negat
1754 1035 1816 1076 in-

255 1124 490 1178 quirendos
520 1130 578 1170 ⁴ut
614 1124 881 1174 innocentes,
923 1130 967 1165 et
1004 1125 1190 1166 mandat
1226 1126 1471 1180 puniendos
1508 1131 1559 1167 ut
1596 1130 1816 1168 nocentes.

255 1215 402 1257 Parcit
423 1221 467 1257 et
486 1215 640 1265 saeuit,
663 1215 911 1257 dissimulat
931 1221 975 1257 et
995 1216 1324 1258 animaduertit.
1387 1216 1502 1267 Quid
1522 1216 1817 1271 temetipsam,

255 1320 450 1355 censura,
476 1305 790 1346 circumuenis?
855 1304 897 1346 si
921 1304 1119 1355 damnas,
1145 1319 1221 1346 cur
1243 1320 1331 1347 non
1355 1311 1399 1347 et
1420 1306 1630 1361 inquiris?
1673 1305 1708 1346 si
1731 1318 1819 1346 non

255 1398 450 1452 inquiris,
498 1412 573 1438 cur
616 1412 704 1438 non
750 1402 794 1438 et
838 1396 1055 1438 absoluis?
1120 1397 1387 1439 Latronibus
1430 1397 1700 1453 uestigandis
1744 1410 1821 1451 per

256 1487 481 1529 uniuersas
499 1486 746 1541 prouincias
764 1486 964 1527 militaris
982 1487 1116 1528 statio
1134 1488 1330 1529 sortitur.
1392 1488 1444 1529 In
1463 1502 1557 1529 reos
1575 1478 1820 1528 maiestatis

257 1582 301 1618 et
323 1576 519 1631 publicos
541 1576 687 1617 hostes
708 1575 850 1617 omnis
872 1576 1002 1617 homo
1024 1577 1146 1618 miles
1169 1582 1256 1627 est3
1295 1577 1352 1618 ad
1373 1578 1524 1627 socios,
1548 1577 1605 1618 ad
1626 1576 1819 1618 conscios

257 1682 394 1722 usque
428 1667 654 1722 inquisitio
691 1667 957 1708 extenditur.
1019 1667 1169 1708 Solum
1205 1667 1502 1709 Christianum
1536 1667 1696 1722 inquiri
1732 1681 1819 1707 non

255 1757 370 1807 licet,
412 1757 556 1798 offerri
595 1757 708 1806 licet,
751 1757 876 1811 quasi
916 1757 1035 1798 aliud
1075 1762 1188 1799 esset
1227 1763 1380 1799 actura
1419 1757 1645 1812 inquisitio
1686 1771 1819 1811 quam

257 1848 538 1889 oblationem.
600 1847 836 1888 Damnatis
880 1847 1032 1903 itaque
1078 1847 1279 1889 oblatum
1326 1862 1457 1902 quem
1504 1861 1632 1888 nemo
1679 1847 1821 1888 uoluit

256 1938 530 1992 requisitum,
574 1938 662 1992 qui,
706 1943 829 1992 puto,
872 1938 961 1979 iam
1002 1952 1090 1979 non
1131 1938 1228 1979 ideo
1271 1938 1431 1979 meruit
1472 1952 1672 1993 poenam,
1717 1937 1820 1992 quia

256 2039 417 2065 nocens
440 2029 519 2074 est,
544 2024 620 2065 sed
643 2024 746 2079 quia
769 2039 857 2065 non
879 2024 1165 2079 requirendus
1188 2024 1395 2065 inuentus
1420 2029 1497 2066 est.
1559 2024 1719 2079 Itaque
1742 2038 1821 2065 nec

257 2112 301 2152 in
329 2111 401 2152 illo
431 2126 484 2151 ex
512 2110 654 2152 forma
683 2110 899 2152 malorum
926 2111 1263 2153 iudicandorum
1292 2112 1422 2166 agitis
1451 2126 1550 2167 erga
1578 2126 1671 2161 nos,
1702 2111 1821 2166 quod

256 2198 411 2239 ceteris
450 2197 714 2252 negantibus
754 2202 976 2239 tormenta
1011 2198 1231 2239 adhibetis
1271 2198 1327 2239 ad
1368 2197 1682 2247 confitendum,
1721 2197 1820 2238 solis

258 2284 515 2325 Christianis
550 2283 607 2325 ad
641 2284 906 2339 negandum,
944 2298 1057 2334 cum,
1095 2284 1130 2326 si
1165 2284 1331 2326 malum
1367 2289 1492 2334 esset,
1529 2298 1609 2325 nos
1644 2283 1821 2338 quidem

258 2385 528 2425 negaremus,
557 2385 637 2412 uos
664 2385 766 2411 uero
794 2370 992 2411 confiteri
1019 2371 1251 2412 tormentis
1278 2370 1607 2425 compelleretis.
1669 2368 1822 2424 Neque

259 2458 374 2498 enim
421 2458 518 2499 ideo
563 2472 652 2498 non
696 2458 912 2512 putaretis
961 2458 1221 2513 requirenda
1271 2457 1603 2513 quaestionibus
1647 2458 1821 2505 scelera,
1844 2473 1860 2486 ‘³

261 2544 363 2597 quia
383 2543 489 2584 certi
508 2543 659 2584 essetis
677 2543 856 2584 admitti
876 2558 925 2584 ea
945 2558 998 2585 ex
1017 2544 1205 2587 nominis
1224 2543 1506 2593 confessione,
1528 2543 1602 2598 qui
1622 2543 1750 2584 hodie
1769 2542 1822 2584 de

260 2629 457 2670 confesso
492 2628 723 2679 homicida,
758 2629 944 2671 scientes
978 2630 1262 2671 homicidium
1296 2629 1402 2684 quid
1435 2630 1504 2680 sit,
1540 2629 1822 2671 nihilominus

260 2715 456 2757 ordinem
510 2715 782 2770 extorquetis
833 2716 1025 2758 admissi.
1088 2716 1183 2766 Quo
1230 2710 1493 2771 ¹peruersius,
1548 2730 1648 2757 cum
1700 2729 1821 2771 prae-

260 2802 445 2843 sumatis
481 2801 535 2842 de
570 2801 803 2843 sceleribus
839 2803 999 2844 nostris
1035 2817 1088 2843 ex
1124 2803 1312 2844 nominis
1349 2802 1630 2853 confessione,
1669 2802 1823 2857 cogitis

1840 1141 1884 1164 10

1842 1592 1883 1623 15

1841 2037 1887 2059 20

261 2888 494 2929 tormentis
522 2887 575 2929 de
605 2887 874 2929 confessione
903 2888 1122 2939 decedere,
1154 2894 1205 2930 ut
1233 2894 1442 2944 negantes
1471 2902 1631 2930 nomen
1659 2888 1823 2942 pariter
1841 2901 1888 2933 30
