1975 3306
237 50 324 89 462
815 44 1223 87 TERTVLLIANI
1449 47 1510 102 [p.
1537 47 1617 87 136
1639 45 1668 89 l.
1692 47 1802 88 24—

241 163 379 205 eodem
423 162 592 203 restitui
642 167 824 203 ueterem
870 176 1005 216 posse,
1047 162 1120 216 qui
1165 176 1321 202 nouum
1365 160 1486 217 fecit.
1550 160 1802 218 Chrysolog.

242 234 378 276 Serm.
403 235 470 283 59,
494 232 645 289 Migne
679 232 723 274 P.
748 232 793 273 L.
818 243 881 272 LII
905 233 1010 274 365ἢ
1032 231 1165 282 crede,
1188 231 1320 281 homo,
1343 231 1394 273 de
1423 238 1556 274 morte
1584 246 1805 287 resumere

242 311 278 345 te
307 318 440 359 posse,
477 303 580 357 quia
613 308 843 357 antequam
881 302 1058 351 uiueres,
1089 301 1154 343 nil
1181 301 1328 357 fuisti.
1390 301 1543 358 [Aug]
1581 302 1642 343 De
1675 302 1804 343 Verb.

244 375 394 430 Apost.
427 388 551 415 serm.
585 375 640 414 34
673 373 788 429 [opp.
813 385 842 413 V
869 387 965 428 app.
989 387 1113 414 serm.
1140 374 1222 414 109
1246 387 1285 428 p.
1311 372 1412 426 199]
1445 372 1588 427 utique
1615 372 1717 427 plus
1748 378 1807 414 est

203 444 384 500 §.tacere
426 431 536 499 quod
572 458 808 498 numquam
839 443 947 499 fuit,
981 458 1110 498 quam
1147 457 1358 498 reparare
1402 442 1512 497 quod
1542 442 1685 498 fuerit
1726 448 1806 484 ebo.

244 513 401 555 Tatian
421 515 446 555 6
469 528 507 569 p.
529 515 641 555 146²&
694 512 913 568 Athenag.
937 512 1036 554 Res.
1064 515 1100 555 3.
1155 512 1282 568 Greg.
1307 511 1469 553 Homil.
1494 514 1548 554 26
1572 511 1615 553 in
1640 511 1806 569 Euang.

244 583 333 640 §12
359 584 479 638 lonqe
499 583 643 624 minus
671 589 729 624 est
757 582 832 624 deo
865 597 1074 638 reparare
1097 582 1207 638 quod
1226 582 1323 638 fuit
1348 597 1481 638 quam
1512 596 1676 624 creasse
1698 581 1809 638 quod

247 669 325 696 non
348 653 454 709 fuit.
519 658 595 694 aut
625 652 728 707 quid
760 652 934 702 mirum,
966 653 1006 693 si
1036 652 1247 694 hominem
1279 667 1328 694 eoe
1352 652 1537 708 puluere
1568 652 1713 707 reficit,
1736 651 1810 707 qui

245 723 376 765 simul
398 722 543 764 omnia
565 737 614 763 ex
634 721 769 762 nihilo
792 722 987 763 creauit?
1048 721 1161 778 Aug.
1185 721 1252 763 De
1276 720 1371 764 Ciu.
1396 721 1479 763 Dei
1502 733 1518 762 Ι
1542 723 1607 763 12.

184 807 226 829 10
334 808 373 849 p.
399 794 481 834 136
505 792 529 834 l.
554 794 609 834 30
633 791 831 834 Lactant.
856 803 924 832 vn
949 793 1002 833 23
1025 790 1045 848 ξ
1067 794 1104 833 5.

335 879 373 920 p.
409 865 492 905 138
525 863 550 905 l.
584 864 608 903 2
642 873 739 903 NON
773 873 1007 903 DIFFICILE
1038 862 1211 904 Ashbon
1236 865 1322 918 (ap.
1347 862 1548 917 Woodh.)
1569 861 1678 918 quod
1700 861 1810 917 diffi-

247 934 383 976 cilius.

336 1019 374 1059 p.
400 1004 483 1044 138
506 1003 530 1044 l.
555 1005 580 1043 8
611 1013 900 1043 INTERFECTA
923 1002 1005 1044 Iul.
1029 1002 1065 1043 F
1069 1002 1161 1043 irm.
1186 1017 1262 1044 err.
1286 1003 1391 1058 prof.
1414 1003 1487 1045 rel.
1508 1005 1536 1044 8
1561 1003 1656 1058 quis
1678 1017 1807 1044 uos...

250 1071 308 1113 ud
339 1071 413 1112 hoc
444 1076 608 1112 tantum
630 1070 813 1126 facinus
843 1070 1032 1125 impeyit,
1056 1076 1100 1111 ut
1124 1069 1315 1126 profano
1337 1070 1536 1126 nefariae
1562 1070 1812 1126 cupiditatis

186 1161 228 1192 15
250 1157 391 1185 errore
413 1148 450 1184 et
472 1142 584 1183 mori
604 1157 668 1183 me
690 1141 846 1184 dicatis
867 1147 1006 1184 uestro
1030 1141 1211 1183 arbitrio
1233 1147 1272 1183 et
1292 1141 1470 1183 uiuere?

338 1212 405 1254 De
438 1211 564 1255 Cam.
589 1212 762 1253 Resurr.
788 1213 842 1252 12
865 1226 926 1267 pr.
961 1211 1050 1253 dies
1081 1212 1269 1253 moritur
1299 1211 1346 1252 in
1377 1217 1536 1253 noctem
1567 1217 1604 1253 et
1636 1211 1814 1253 tenebris

254 1298 546 1339 usquequaque
591 1282 805 1338 sepelitur.
855 1282 1108 1338 funestatur
1158 1282 1313 1324 ‘inundi
1359 1282 1500 1332 honor,
1543 1282 1680 1324 omnis
1720 1281 1813 1324 sub-

250 1353 412 1394 stantia
443 1352 708 1407 (lenigyratur.
772 1352 943 1393 sordent
973 1352 1100 1394 silent
1130 1358 1297 1408 stupent
1328 1358 1487 1402 cuncta,
1512 1351 1660 1407 ubique
1691 1351 1813 1393 iusti-

251 1423 360 1464 tium
381 1428 450 1464 est.
504 1422 639 1477 [quies
661 1421 824 1475 rerum]
847 1421 911 1462 ita
934 1422 1007 1462 lux
1029 1421 1192 1463 amissa
1215 1422 1393 1477 luyetur.
1446 1426 1484 1463 et
1500 1427 1642 1463 tamen
1662 1436 1814 1462 rursus

186 1513 232 1535 20
252 1510 346 1537 cum
367 1510 442 1535 suo
465 1494 579 1535 cultu
603 1508 697 1534 cum
722 1493 854 1535 †dote
876 1508 971 1535 cum
992 1493 1077 1535 sole
1099 1493 1248 1535 eadem
1274 1498 1312 1534 et
1339 1493 1506 1548 inteyra
1532 1498 1570 1535 et
1602 1498 1689 1534 tota
1721 1492 1813 1533 uni-

257 1581 373 1608 uerso
407 1565 498 1606 orbi
528 1564 765 1613 reuiuescit,
792 1563 1050 1619 interficiens
1080 1569 1258 1606 mortem
1288 1579 1425 1614 suam,
1459 1569 1627 1613 noctem,
1658 1563 1814 1605 rescin-

253 1637 355 1679 dens
385 1636 653 1691 sepulturam
685 1650 821 1684 suam,
844 1634 1044 1683 tenebras,
1066 1634 1184 1676 heres
1214 1633 1380 1676 sibimet
1408 1634 1597 1682 existens,
1619 1633 1747 1675 donec
1780 1639 1816 1675 et

256 1723 336 1749 noa:
361 1707 609 1757 reuiuescat,
631 1721 727 1748 cum
757 1720 832 1747 suo
858 1711 896 1747 et
926 1705 1010 1746 illa
1040 1711 1247 1760 suy‘qestu.
1310 1704 1674 1748 redaccenduntur
1705 1704 1817 1746 enim

253 1785 291 1821 et
321 1778 548 1820 stellarum
579 1777 711 1826 radii,
746 1791 847 1832 quos
875 1776 1091 1817 matutina
1122 1776 1331 1818 succensio
1370 1776 1650 1825 exstinxerat;
1691 1774 1816 1817 redu-

188 1868 208 1890 2
215 1868 234 1900 5
255 1854 408 1890 cuntur
429 1853 466 1889 et
487 1846 679 1888 siderum
702 1845 927 1895 absentiae,
947 1860 1054 1901 quas
1075 1845 1326 1902 temporalis
1347 1845 1562 1887 distinctio
1585 1850 1816 1895 exemerat:

256 1918 544 1960 redornantw·
579 1922 616 1958 et
657 1916 831 1970 specula
864 1915 1002 1964 lunae,
1035 1930 1142 1970 quae
1174 1921 1415 1957 menstruus
1445 1930 1647 1956 numerus
1678 1914 1800 1956 adtri

259 1994 389 2030 uerat.
452 1987 733 2028 reuoluuntur
765 1985 921 2027 hiemes
958 1992 995 2027 et
1027 1992 1216 2035 aestates,
1252 2001 1387 2028 uerna
1414 1992 1453 2028 et
1481 1991 1690 2027 autumna
1723 2000 1819 2027 cum

257 2059 346 2100 suis
382 2057 545 2098 uiribus
585 2056 774 2097 ‘moribus
804 2055 1035 2111 fructibus.
1101 2055 1260 2098 Minue.
1295 2058 1351 2097 34
1382 2054 1401 2112 ξ
1434 2057 1487 2096 12
1519 2056 1582 2097 sol
1614 2055 1820 2110 demergit

258 2135 294 2171 et
327 2128 543 2177 nascitum
588 2132 706 2168 astra
738 2132 843 2167 cen:
880 2141 951 2167 see
986 2126 1194 2167 Holden’s
1226 2132 1339 2167 note.
1413 2125 1599 2167 Pearson
1631 2125 1724 2167 Art.
1756 2137 1817 2167 XI.

193 2224 239 2255 30
259 2199 408 2240 Ambr.
451 2197 518 2239 De
561 2196 669 2238 Fide
714 2196 957 2238 Resurrect.
1000 2194 1019 2253 ἓ
1067 2198 1121 2237 10
1159 2196 1323 2238 caelum
1362 2197 1505 2252 ipsum
1541 2211 1624 2237 non
1657 2211 1821 2251 semper

259 2271 485 2313 stellarum
530 2268 784 2310 micantium
834 2267 968 2322 ylobis
1006 2267 1160 2323 fulqet,
1203 2267 1353 2323 quibus
1402 2267 1526 2322 quasi
1567 2266 1820 2322 quibusdam

264 2340 499 2395 'insi‘ynitur
542 2338 716 2383 coronis.
753 2352 834 2379 non
866 2353 1030 2393 semper
1063 2344 1158 2379 ortu
1191 2338 1299 2379 lucis
1330 2337 1512 2386 albescit,
1550 2338 1691 2379 radiis
1720 2337 1822 2378 solis

260 2410 471 2452 inrutilat.
534 2408 606 2450 secl
639 2408 828 2449 assiduis
858 2408 1022 2449 uicibus
1052 2408 1127 2449 ille
1153 2407 1332 2462 quidam
1364 2407 1516 2448 mundi
1546 2408 1690 2449 uultus
1718 2422 1819 2462 gyra-

262 2481 452 2523 tissimus
492 2478 653 2520 umenti
690 2477 874 2518 noctium
910 2477 1074 2532 caliyat
1115 2477 1302 2519 horrore.
1365 2477 1468 2532 quid
1497 2477 1667 2532 gyratius
1699 2477 1821 2519 luce?

197 2569 243 2601 35
264 2551 366 2606 quid
398 2549 481 2591 sole
512 2547 774 2589 iucundius?
821 2562 931 2602 quae
967 2547 1118 2589 cotidie
1160 2548 1381 2599 occidunt;
1424 2547 1644 2590 decessisse
1680 2554 1819 2589 tamen

264 2621 364 2662 haec
395 2618 511 2660 nobis
541 2633 624 2659 non
656 2618 821 2658 moleste
843 2617 1045 2673 ferimus,
1068 2618 1171 2673 quia
1201 2633 1297 2659 eum
1324 2617 1467 2660 redire
1489 2618 1819 2673 praesumimus.

268 2692 321 2732 53
350 2690 500 2745 prima
531 2689 667 2742 iqitur
698 2688 1022 2729 resurrectionis
1043 2687 1158 2743 fides
1188 2703 1290 2729 usus
1321 2694 1381 2730 est
1417 2687 1568 2729 mundi
1598 2702 1820 2743 rerumque

264 2766 403 2803 status
434 2760 633 2808 onmium,
668 2758 990 2813 qenerationum
1025 2758 1165 2807 series,
1196 2759 1503 2801 successionum
1533 2759 1655 2807 uices,
1688 2757 1820 2800 obitus
