1975 3306
130 172 173 214 p.
199 160 251 200 38
273 159 300 200 1.
327 159 397 212 29]
592 157 1036 200 APOLOGETIOVS
1073 160 1138 207 10,
1178 160 1226 198 11
1613 157 1693 198 217

135 273 306 316 Osirim.
369 274 546 316 L’Abbe
570 275 615 316 E.
640 275 840 316 Beurlier
861 275 922 317 Le
947 274 1077 318 Culte
1105 274 1316 330 imperial,
1340 289 1417 315 son
1447 273 1627 315 histoire
1650 279 1694 314 eb

129 357 207 384 son
230 343 525 399 organisation
547 344 702 400 depuis
726 345 928 401 Auguste
951 344 1128 400 jusqu'ii
1149 344 1387 386 Justinien.
1451 343 1544 384 Par.
1570 344 1693 385 1861.

131 413 208 470 My
243 421 368 457 notes
399 430 454 456 on
486 415 583 457 qu.
618 419 643 456 4
678 415 729 457 71
770 415 896 468 (winh
934 415 1030 457 add.
1064 415 1149 457 and
1182 415 1268 456 ind.
1302 415 1423 467 deus)
1460 415 1527 456 dis
1559 428 1695 469 aequa

127 490 322 540 potestas.
384 485 630 527 Theodoret
675 486 824 528 Graec.
868 486 952 527 Aff.
991 485 1092 528 Cur.
1131 497 1186 526 ΙΙΙ
1222 483 1241 541 ξ
1280 487 1346 535 33,
1389 500 1427 541 p.
1472 487 1527 526 43
1570 485 1594 525 l.
1642 486 1694 525 15

130 557 323 613 Wrongly
355 556 486 605 Nem,
520 556 760 606 Domitian,
793 556 1070 599 Commodus.
1715 572 1734 604 5

219 642 257 683 p.
282 629 336 668 38
360 627 384 668 l.
409 629 462 668 22
487 639 650 668 PAVCIS
674 627 783 668 Enn.
804 627 945 668 Plaut.
969 627 1063 668 Ter.
1088 627 1178 668 Afr.
1202 627 1289 669 Cic.
1314 626 1416 668 Sall.
1436 627 1564 683 Verg.
1588 626 1692 667 Hor.

130 695 225 738 Liu.
250 709 348 738 XLII
373 700 429 740 34
451 696 470 754 ἓ
494 701 530 739 1.

219 781 258 822 p.
284 769 339 809 38
363 767 387 808 l.
412 769 465 809 23
489 779 638 809 IOVEM
661 767 822 808 Arnob.
846 779 861 808 Ι
885 769 940 809 34
964 768 988 809 f.
1013 780 1047 809 11
1072 768 1137 809 70.

219 849 443 879 HOMINEM
471 850 533 879 EX
566 849 751 879 HOMINE
781 839 850 892 (cf.
874 854 912 894 p.
937 840 991 880 38
1015 839 1039 879 l.
1065 841 1139 891 11)
1172 838 1389 893 Athenag.
1419 840 1472 880 29
1496 853 1534 894 p.
1558 840 1631 880 33C
1653 839 1700 879 of

132 907 344 949 Hercules
376 909 462 950 and
495 908 806 964 Aesculapius:
839 908 981 950 either
1010 909 1115 964 they
1138 923 1246 950 were
1269 908 1375 964 gods
1397 908 1482 949 and
1506 907 1692 949 without
1715 924 1758 947 10

131 976 265 1018 needs
296 976 322 1030 ἢ
356 976 583 1035 ἄνθρωποι
612 977 840 1033 ’γεγονότες
869 978 943 1020 καὶ
971 977 1156 1032 πονηροὶ
1187 977 1239 1020 δι’
1265 976 1461 1029 ἀμαθίαν
1485 975 1597 1028 ἦσαν
1620 978 1690 1019 καὶ

131 1046 377 1103 χρημάτων
420 1048 643 1092 ἐλάττους.
706 1047 750 1091 τί
782 1048 849 1091 δεῖ
876 1067 929 1102 με
962 1048 1117 1090 ’πολλὰ
1148 1048 1296 1102 λέγειν
1332 1047 1359 1102 ἢ
1400 1048 1634 1101 Κάστορος
1666 1049 1692 1103 ἢ

135 1115 447 1164 Πολυδεύκους·
468 1118 798 1171 μνημονεύοντα
813 1118 840 1172 ἦ
858 1118 1114 1175 Ἀμφιάρεω
1137 1118 1188 1167 οἵ,
1208 1119 1262 1163 ὡς
1282 1118 1419 1161 εἰπεῖν
1435 1117 1567 1174 λόγῳ,
1586 1119 1693 1176 χθὲς

132 1186 207 1229 καὶ
237 1187 392 1243 πρώην
424 1186 654 1244 ἅνθρωποι
686 1189 735 1242 ἐξ
761 1188 1006 1245 ἀνθρώπων
1032 1187 1269 1243 ’γε’γοινότες,
1293 1188 1383 1231 θεοὶ
1414 1187 1691 1242 νομίζονται;

132 1256 251 1298 Lacb.
275 1257 374 1299 Diu.
399 1258 507 1300 Inst.
531 1270 546 1299 Ι
570 1261 595 1300 8
617 1257 657 1316 ἐξ
678 1261 703 1300 3
726 1261 763 1300 4.
829 1259 984 1301 Euseb.
1010 1259 1076 1299 Pr.
1100 1259 1177 1300 Eu.
1203 1270 1256 1299 ΠΙ
1282 1261 1335 1300 10
1356 1257 1395 1315 ἐξ
1418 1260 1472 1300 20
1497 1260 1561 1301 21.
1715 1276 1756 1308 15

221 1341 259 1382 p.
283 1329 338 1368 38
362 1328 384 1369 l.
410 1330 464 1369 24
488 1340 684 1370 EXAMEN
707 1329 755 1370 ef.
780 1331 835 1370 40
857 1344 895 1385 p.
922 1331 1003 1370 116
1028 1330 1051 1370 l.
1076 1331 1141 1371 32.

221 1409 310 1439 PAR
333 1398 438 1440 with
460 1399 594 1455 genit.
614 1400 680 1441 De
701 1400 888 1441 Patient.
913 1401 965 1441 16
990 1399 1313 1455 ἠιαῃηίΐῑιάίηίᾶ
1356 1399 1468 1441 Adu.
1489 1400 1692 1442 Marcion.

134 1478 183 1507 1V
209 1470 260 1509 15
284 1484 322 1524 p.
347 1471 430 1511 465
454 1470 478 1511 l.
504 1469 526 1510 7
553 1469 627 1511 ΚΓ.
652 1471 864 1512 creatoris.

810 1588 916 1632 CAP.
950 1589 1017 1630 XI

221 1689 260 1730 p.
284 1676 385 1717 381.
412 1677 465 1717 25
488 1688 699 1718 HOMINES
732 1677 787 1719 ad
818 1684 906 1720 nat.
941 1690 975 1719 ΙΙ
1011 1681 1064 1720 13
1097 1694 1158 1734 pr.
1188 1678 1446 1734 affirmando
1474 1678 1570 1719 illos
1597 1684 1694 1732 post

132 1751 310 1786 mortem
332 1745 427 1787 deos
437 1746 592 1802 factos,
616 1754 661 1788 ut
691 1747 831 1790 Varro
849 1755 886 1790 et
908 1750 981 1804 qni
1002 1765 1096 1791 cum
1120 1764 1163 1791 eo
1185 1750 1516 1790 sonmiauerunt.
1579 1749 1691 1804 Aug.
1714 1763 1759 1785 20

132 1815 187 1857 de
210 1815 304 1858 Ciu.
328 1816 413 1858 Dei
437 1829 523 1858 VIII
548 1820 612 1860 26.
638 1830 686 1859 VI
711 1819 733 1860 7
758 1821 794 1872 (Ι
813 1821 896 1860 258
923 1822 995 1872 19)
1028 1835 1164 1861 nonne
1191 1820 1395 1861 adtestati
1424 1825 1520 1860 snnt
1553 1819 1693 1860 Euhe-

133 1901 259 1936 mero,
281 1887 355 1942 qai
376 1901 515 1929 omnes
536 1889 640 1930 tales
662 1889 758 1931 deos
779 1905 861 1931 non
879 1889 1084 1945 fabalosa
1102 1889 1372 1944 yar7·ulitate‚
1395 1889 1468 1931 sed
1490 1889 1692 1931 historica

135 1956 360 2012 diliyentia
400 1958 586 2000 homines
607 1959 752 2015 fnisse
785 1961 1064 2015 mortalesque
1095 1960 1374 2015 conscripsit?
1433 1959 1555 2000 Zahn
1590 1959 1691 2000 For-

134 2028 359 2084 schungen
382 2040 412 2068 V
435 2028 517 2069 287
542 2028 638 2070 347.
690 2030 850 2072 Arnob.
875 2041 924 2070 IV
949 2031 1002 2071 29
1026 2044 1085 2085 pr.
1112 2029 1229 2070 Hild.
1278 2029 1395 2071 Lact.
1421 2029 1520 2071 Diu.
1544 2029 1651 2071 Inst.
1676 2041 1691 2070 Ι

137 2101 188 2139 11
213 2097 232 2155 ἓ
255 2098 319 2141 17.
383 2099 543 2140 Muller
563 2099 632 2140 Fr.
656 2100 771 2142 Hist.
795 2100 911 2141 cited
934 2115 989 2141 on
1010 2115 1048 2155 p.
1072 2102 1128 2141 40
1152 2100 1174 2141 l.
1199 2101 1264 2140 33.
1712 2113 1755 2145 25

221 2184 260 2224 p.
290 2171 345 2210 38
379 2169 403 2209 l.
435 2171 488 2209 28
521 2180 841 2211 SVBLIMIOREM
873 2185 905 2211 o.
937 2172 991 2210 24
1020 2185 1055 2210 a.
1074 2185 1127 2211 in.
1161 2185 1259 2211 nam
1289 2176 1335 2211 nt
1363 2175 1569 2211 constaret
1596 2169 1693 2210 illos

135 2238 232 2280 deos
268 2254 362 2288 esse,
399 2255 533 2281 nonne
575 2240 798 2282 conceditis
839 2240 891 2282 de
932 2240 1224 2282 aestimatione
1261 2241 1472 2281 communi
1509 2241 1693 2294 aliquem

135 2323 219 2350 esse
234 2309 524 2350 sublimiorem
546 2315 584 2351 et
607 2311 892 2364 potentiorem,
909 2310 1024 2351 uelat
1044 2310 1288 2365 principem
1310 2309 1462 2351 mwzdz'
1481 2310 1693 2365 perfectae

129 2380 343 2433 potentiae
373 2385 411 2421 et
441 2380 709 2421 maiestatis?

223 2464 260 2504 p.
277 2451 332 2490 38
350 2449 373 2490 l.
395 2451 448 2491 29
467 2461 712 2490 MANCIPEM
729 2450 782 2491 ad
801 2456 888 2491 nat.
906 2462 920 2490 Ι
940 2452 963 2492 9
983 2465 1044 2505 pr.
1061 2449 1135 2491 snb
1152 2449 1293 2491 eodem
1310 2450 1505 2504 mancipe
1521 2450 1692 2492 erroris.
1712 2465 1758 2496 30

135 2516 189 2558 ib.
214 2529 248 2558 ΙΙ
273 2520 326 2559 13
355 2533 394 2574 p.
420 2521 499 2559 121
532 2519 556 2559 l.
582 2519 633 2560 17
658 2519 783 2560 VViss.
806 2520 870 2561 ita
890 2520 1037 2561 nullas
1059 2520 1191 2561 datur
1212 2519 1328 2560 ‘nobis
1352 2519 1557 2561 renitendi
1579 2521 1693 2562 locus

134 2602 218 2629 esse
259 2589 496 2644 mancipem
531 2589 742 2644 qnendam
782 2590 1038 2632 diuinitatis.
1102 2589 1168 2630 De
1212 2588 1318 2629 Idol.
1356 2591 1377 2629 1
1415 2589 1440 2630 f.
1473 2589 1688 2631 idolorum

134 2659 357 2713 mancipes.
420 2659 580 2700 Arnob.
617 2671 633 2700 Ι
668 2662 722 2701 28
755 2676 832 2715 per
863 2675 994 2715 qaem,
1024 2661 1062 2701 si
1091 2666 1199 2707 sant,
1231 2674 1315 2701 esse
1346 2665 1384 2701 et
1415 2659 1566 2701 habere
1598 2661 1692 2702 sab-

136 2729 341 2769 stantiam
380 2729 450 2770 sui
486 2731 676 2772 mominis
715 2731 1034 2786 maiestatisque
1077 2736 1315 2786 coeperant:
1367 2745 1391 2771 a
1435 2746 1513 2785 quo
1549 2731 1687 2785 ipsam

102 2834 104 2836 ,
137 2796 337 2840 deitatem
369 2801 434 2853 (ut
464 2801 528 2841 ita
559 2801 721 2853 dicam)
742 2802 883 2843 sortiti
907 2817 949 2843 se
974 2816 1058 2843 esse
1087 2801 1279 2842 sentiunt.
1342 2799 1561 2841 Maximus
1593 2800 1689 2856 Tyr.
1713 2816 1756 2847 35

122 2864 258 2907 *Orati
283 2870 316 2909 1.
341 2868 412 2921 (11
438 2883 484 2909 or
507 2868 580 2922 17)
602 2884 641 2925 p.
666 2871 748 2911 138
772 2870 796 2910 l.
820 2872 845 2911 3
868 2870 932 2911 ed.
957 2870 1142 2911 Hobein.
