1975 3306
259 136 340 175 216
831 133 1238 174 TERTVLLIANI
1526 133 1585 189 [p.
1610 133 1663 173 38
1686 131 1713 174 1.
1739 134 1820 174 9—-

258 250 355 291 illos
387 249 574 291 homines
604 255 642 291 et
673 254 857 304 agrestes
888 249 1027 290 multa
1059 249 1211 298 docuit,
1241 255 1287 291 ut
1322 248 1558 291 Graeculus
1588 254 1625 291 et
1647 248 1822 304 politus,

261 320 428 362 litteras
448 320 709 374 imprimere,
732 334 926 360 nummos
946 319 1130 374 siquam,
1152 320 1437 362 instrumenta
1469 320 1676 375 conficere.

350 405 387 445 p.
412 391 467 430 38
490 389 516 430 1.
540 391 593 430 10
616 400 842 430 SIGNATVS
866 400 1065 430 NVMMVS
1087 389 1218 431 Maer.
1242 389 1333 431 Sat.
1358 401 1373 430 1
1398 389 1420 431 7
1444 387 1535 446 §22
1558 389 1655 431 Jan.

348 470 481 500 HOMO
503 460 551 500 cf.
570 457 657 502 Cio.
681 458 727 500 in
749 458 869 500 Lacb.
885 458 986 500 Diu.
1005 458 1113 500 Inst.
1133 470 1148 499 Ι
1174 461 1226 501 15
1249 457 1268 516 ἓ
1291 461 1343 501 19
1368 473 1453 514 seq.
1507 458 1668 500 Amob.
1687 469 1737 499 IV
1756 460 1822 499 29.

220 545 240 576 5
262 529 479 585 Athenag.
506 532 559 569 28
582 544 623 585 p.
647 530 741 570 150.
807 530 860 571 29
891 544 930 585 p.
962 531 1047 571 154
1076 530 1318 586 (examples
1351 530 1556 582 28—30).
1621 528 1745 585 Sibyl
1779 527 1824 569 in

263 598 371 640 Otto
404 610 455 639 IX
478 600 664 640 463-4.

350 683 388 724 p.
412 670 467 709 38
491 668 514 710 l.
541 671 590 709 11
616 678 681 709 Ex
703 679 889 709 HOMINE
912 668 962 710 cf.
985 683 1024 724 p.
1048 670 1103 709 38
1127 668 1151 709 l.
1176 670 1242 711 23.

350 737 404 778 ad
432 743 520 779 nat.
553 749 587 778 ΙΙ
613 740 665 778 12
696 753 734 794 p.
768 739 850 780 116
881 738 905 779 1.
931 740 982 778 21
1009 737 1136 780 Wiss.
1160 753 1287 794 neque
1310 738 1604 781 enim...nobis
1625 738 1827 781 eoecidisse

263 808 377 851 debet
414 824 577 851 omnem
614 815 788 865 patrem
818 809 935 865 filiis
977 810 1274 865 antiquiorem,
1313 817 1402 853 tam
1442 810 1681 853 Saturniam
1723 809 1828 852 Ioue

200 899 242 921 10
263 895 393 936 quam
427 880 602 922 Caelum
633 880 844 922 Satwmo:
876 880 927 922 de
960 880 1088 923 Caelo
1121 881 1232 922 enim
1265 887 1302 923 et
1334 880 1471 923 Terra
1502 880 1728 922 Saturnus.

352 961 412 990 DE
454 961 603 991 CAELO
640 950 710 1003 (cf.
752 950 777 991 1.
817 951 884 999 16,
917 965 950 992 c.
988 952 1026 999 4,
1068 965 1107 1006 p.
1149 952 1213 1000 16,
1256 950 1281 992 l.
1325 951 1642 1004 21)...TERRAE
1680 962 1828 991 FILIOS

265 1020 425 1062 Minue.
460 1022 512 1061 22
550 1018 570 1077 ξ
604 1022 779 1061 11=21
814 1019 833 1076 ἓ
871 1022 896 1061 8
930 1020 1064 1061 Halm
1098 1021 1281 1076 (quoted
1313 1021 1371 1077 by
1404 1020 1521 1062 Lacb.
1563 1032 1578 1061 Ι
1612 1023 1663 1062 11
1699 1019 1719 1077 ξ
1753 1022 1828 1074 55)

263 1092 383 1134 homo
414 1092 552 1147 iqitur
581 1091 727 1147 utique
758 1091 832 1147 qui
857 1090 990 1147 fuyit,
1022 1091 1143 1133 homo
1175 1092 1317 1147 utique
1354 1092 1429 1147 qui
1463 1092 1601 1142 latuit,
1633 1098 1670 1134 et
1700 1098 1829 1146 pater

264 1162 448 1203 hominis
484 1167 522 1203 et
557 1167 684 1203 natus
717 1176 768 1203 ex
803 1161 981 1211 homine,
1016 1167 1156 1203 terrae
1192 1163 1305 1204 enim
1340 1168 1377 1203 et
1414 1161 1524 1204 caeli
1549 1161 1685 1216 filius,
1719 1161 1830 1216 quod

202 1231 384 1287 15.apzcd
413 1231 555 1273 Italos
585 1237 688 1274 esset
719 1231 876 1286 iqnotis
906 1231 1155 1286 parentibus
1179 1231 1393 1287 proditus,
1424 1237 1471 1273 ut
1501 1232 1548 1272 in
1579 1231 1829 1274 hodiernam

265 1303 484 1358 inopinato
529 1303 642 1344 uisos
679 1303 790 1344 caelo
826 1302 989 1353 missos,
1031 1302 1234 1357 iqnobiles
1267 1309 1305 1345 et
1345 1303 1507 1358 iqnotos
1539 1309 1678 1346 terrae
1710 1303 1832 1359 filios

266 1372 548 1414 nominamus.
593 1372 706 1414 Petr.
724 1375 778 1414 43
801 1372 865 1414 Fr.
909 1372 998 1415 Cic.
1019 1373 1086 1414 Ad
1105 1372 1224 1414 Fam.
1243 1384 1311 1414 VII
1331 1374 1355 1415 9
1378 1371 1397 1429 ἓ
1415 1375 1450 1415 3.
1495 1373 1603 1415 Otho
1621 1373 1829 1430 Spriehw.

267 1446 365 1485 344.
430 1443 525 1485 qu.
559 1446 584 1484 8
619 1444 700 1485 257
739 1449 880 1485 terrae
906 1444 1092 1499 parenti.
1155 1445 1182 1484 4
1216 1445 1270 1486 98
1307 1458 1347 1485 n.
1381 1443 1535 1485 malim
1559 1443 1832 1499 fraterculus

267 1528 351 1555 esse
380 1513 580 1568 qiqantis.
644 1513 863 1555 Ammian.
889 1525 994 1554 XXII
1025 1515 1049 1554 2
1083 1515 1110 1554 4
1139 1519 1360 1569 tamquam
1386 1513 1616 1555 demissam
1644 1514 1830 1569 aliquem

204 1601 249 1624 20
269 1585 420 1626 uisura
451 1583 502 1626 de
533 1584 657 1626 caelo.
722 1583 880 1640 Paneg.
916 1588 939 1625 5
978 1586 1031 1626 19
1064 1584 1169 1638 (146
1205 1586 1256 1625 11
1283 1584 1351 1638 Β.)
1383 1599 1505 1639 quem
1536 1590 1582 1625 ut
1616 1584 1730 1626 caelo
1763 1585 1831 1626 de-

270 1656 440 1711 lapsam
470 1654 745 1697 intuebantur
780 1654 965 1709 (Archiv
998 1655 1024 1696 f.
1056 1655 1129 1697 lat.
1165 1654 1266 1696 Lex.
1304 1666 1372 1695 VII
1406 1657 1590 1704 610—1,
1625 1666 1711 1695 VIII
1746 1657 1831 1709 25).

269 1725 387 1767 Lact.
411 1725 510 1766 Diu.
535 1725 643 1766 Inst.
667 1736 721 1765 ΙΙΙ
745 1726 800 1766 2Ο
822 1722 841 1781 ξ
864 1723 898 1766 7.
962 1725 1013 1767 cf.
1040 1736 1056 1765 Ι
1086 1727 1135 1765 11
1160 1722 1180 1781 ξ
1203 1728 1255 1765 55
1284 1724 1360 1766 Βϋ.
1384 1735 1414 1764 V
1442 1726 1467 1765 8
1496 1721 1515 1780 ξ
1544 1726 1568 1764 2
1591 1725 1696 1779 quid
1718 1725 1834 1766 uobis

268 1795 440 1836 inanem
467 1794 680 1836 iastitiam
708 1793 941 1849 depinqitis
969 1800 1006 1836 et
1034 1794 1191 1850 optatis
1217 1793 1368 1836 cadere
1389 1794 1440 1835 de
1463 1794 1589 1843 caelo,
1612 1800 1833 1850 tamquam

269 1864 317 1905 in
338 1864 484 1920 aliquo
505 1864 739 1906 simulacro
752 1864 1008 1919 fiqaratasm.

208 1951 251 1983 25
360 1949 399 1989 p.
422 1935 477 1975 38
504 1934 528 1974 1.
554 1935 607 1974 18
636 1944 784 1974 ΤΑΟΕΟ
813 1944 939 1982 QVOD
970 1933 1064 1974 Val.
1096 1933 1210 1974 Max.
1244 1944 1293 1973 IV
1325 1934 1352 1973 4
1385 1934 1409 1974 9
1443 1938 1556 1975 taceo
1585 1934 1695 1975 em'm
1724 1934 1835 1989 quod

266 2003 469 2059 princeps
491 2003 682 2045 ciuitatis
694 2002 844 2058 filiam
866 2003 905 2044 ei
925 2008 1106 2057 nuptam
1127 2002 1256 2045 dedit.

362 2088 400 2129 p.
434 2075 489 2114 38
523 2073 547 2114 1.
581 2074 646 2114 21.
711 2072 930 2114 Heraldus
971 2078 1127 2128 quotes
1169 2071 1348 2113 Ariston.
1389 2071 1517 2113 Rhet.
1561 2083 1595 2113 ΙΙ
1632 2074 1685 2113 23
1719 2071 1738 2129 ξ
1781 2074 1834 2115 26
1897 2099 1900 2103 ·

274 2159 311 2199 p.
339 2140 472 2184 1400b
493 2144 520 2183 4
562 2141 702 2188 ἄλλος
727 2140 949 2190 <τόπος>,
972 2141 1078 2184 ὅταν
1102 2160 1143 2183 τι
1168 2142 1363 2184 ἐναντίον
1384 2141 1533 2196 μέλλῃ
1553 2141 1836 2196 πράττεσθαι

275 2215 365 2257 τοῖς
407 2211 747 2267 πεπραγμένοις,
791 2210 884 2265 ἅμα
926 2214 1127 2260 σκοπεῖν,
1170 2211 1260 2253 οἷον
1303 2209 1560 2267 Ξενοφάνης
1602 2211 1837 2257 ’ERGA-raes*

212 2300 257 2331 30
277 2284 500 2339 ἐρωτῶσιν
533 2281 570 2324 εἰ
603 2280 744 2324 θύωσι
778 2283 832 2336 τῇ
863 2280 1091 2340 Λευκοθέᾳ
1121 2280 1196 2323 καὶ
1229 2281 1450 2338 θρηνῶσιν
1476 2281 1501 2333 ἢ
1523 2279 1595 2335 μὴ,
1619 2283 1856 2334 συνεβού-’

277 2358 413 2402 λευεν,
437 2351 474 2394 εἰ
495 2351 573 2404 μὲν
600 2351 697 2394 θεὸν
720 2351 1136 2403 ὑπολαμβάνουσιν,
1160 2349 1220 2405 μὴ
1255 2351 1440 2407 θρηνεῖν,
1463 2350 1501 2392 εἰ
1529 2349 1564 2392 δ’
1589 2351 1838 2408 ἄνθρωπον,

277 2420 336 2474 μὴ
362 2421 488 2464 θύειν.
541 2420 727 2477 Capitol.
751 2421 898 2463 Aurel.
923 2424 976 2462 18
1003 2419 1022 2477 ἓ
1051 2423 1075 2462 2
1099 2427 1322 2477 tantusque
1342 2421 1466 2463 illius
1491 2436 1615 2463 amor
1639 2436 1683 2463 eo
1711 2421 1832 2463 die...

279 2493 447 2543 claruit,
486 2498 528 2534 at
568 2507 688 2534 nemo
725 2492 854 2534 illam
888 2492 1184 2548 plan-qendunm
1219 2492 1434 2542 censuerit,
1472 2492 1596 2534 certis
1637 2491 1840 2541 (omibus,

278 2562 388 2617 quod
414 2562 465 2604 ab
494 2562 562 2604 dis
591 2562 880 2604 commodatus
909 2561 966 2603 ad
988 2562 1086 2604 deos
1116 2561 1303 2604 redisset.
1365 2561 1435 2604 On
1457 2561 1683 2603 Drusilla's
1704 2563 1837 2605 death

216 2647 259 2679 35
281 2645 365 2674 A.D.
403 2635 471 2682 38,
505 2633 556 2674 D.
591 2632 707 2676 Cass.
741 2644 821 2674 LIX
855 2635 906 2673 11
942 2632 1088 2674 αἰτίαν
1120 2650 1167 2674 τε
1198 2633 1362 2677 πάντες
1394 2630 1553 2686 ὁμοίως
1586 2631 1719 2689 εἶχον,
1756 2633 1835 2675 εἴθ’

282 2701 488 2754 ἥσθησαν
511 2703 588 2745 ἐπί
608 2720 693 2745 τινι
717 2703 772 2747 ὡς
793 2701 1076 2755 λυπούμενοι,
1093 2704 1178 2744 εἴτε
1196 2702 1269 2744 καὶ
1290 2703 1346 2747 ὡς
1362 2700 1596 2759 χαίροντες
1614 2701 1834 2759 ἔπραξαν·

281 2772 307 2823 ἢ
329 2771 414 2827 νγιὶρ
436 2770 496 2824 μὴ
519 2771 696 2814 πενθεῖν
719 2770 856 2824 αὐτὴν
885 2769 939 2816 ὠς
970 2771 1205 2828 ἄνθρωπον
1234 2770 1257 2820 ἢ
1283 2770 1455 2826 θρηνεῖν
1481 2771 1536 2816 ὡς
1566 2770 1665 2813 θεὸν
1694 2773 1837 2815 ἐνεκα-

282 2844 453 2883 λοῦντο.
515 2841 616 2883 Luc.
650 2853 738 2883 VIII
771 2844 855 2884 833
891 2847 927 2884 et
958 2857 1080 2897 quem
1111 2847 1154 2884 tu
1184 2842 1392 2897 planqens
1428 2841 1636 2883 hominem
1669 2842 1840 2884 testaris
