1975 3306
308 175 358 215 70
882 173 1287 215 TERTVLLIANI

239 346 245 351 Π
305 289 368 330 ita
393 294 438 330 et
461 288 580 344 quod
604 288 657 329 de
681 288 763 329 deo
787 288 1034 343 profectum
1059 294 1138 339 est,
1164 289 1271 330 deus
1295 294 1362 331 est
1385 294 1430 331 et
1453 289 1522 331 dei
1545 289 1659 331 filius
1683 295 1728 332 et
1750 304 1864 332 unus

306 367 450 408 ambo.
512 367 584 408 Ita
601 372 645 408 et
661 366 715 408 de
731 367 888 421 spiritu
903 367 1083 421 spiritus
1100 372 1144 408 et
1160 367 1213 408 de
1229 367 1311 409 deo
1328 367 1435 409 deus
1450 368 1629 410 modulo
1645 368 1863 410 alternum

304 460 549 496 numerum,
576 445 715 501 gradu
739 460 828 487 non
854 450 977 487 statu
1001 445 1118 496 fecit,
1147 451 1192 487 et
1216 461 1242 488 a
1267 446 1448 488 matrice
1474 461 1563 488 non
1587 447 1764 489 recessit
1788 447 1864 488 sed

305 524 501 565 excessit.
564 524 655 565 Iste
675 524 809 579 igitur
831 524 900 565 dei
922 524 1082 574 radius,
1108 529 1160 566 ut
1180 529 1296 566 retro
1319 539 1489 580 semper
1511 525 1861 580 praedicabatur,

304 601 508 656 delapsus
535 601 580 642 in
608 601 821 656 uirginem
851 601 1075 656 quandam
1105 607 1150 643 et
1175 602 1220 643 in
1249 607 1374 643 utero
1405 602 1494 644 eius
1523 616 1622 644 caro
1650 602 1864 658 figuratus
1883 617 1904 649 5

303 682 498 723 nascitur
534 682 665 722 homo
703 681 783 722 deo
821 682 1000 723 mixtus.
1062 681 1171 724 Caro
1208 683 1365 737 spiritu
1401 683 1617 725 instructa
1653 683 1860 733 nutritur,

303 763 525 814 adolescit,
563 763 754 814 adfatur,
791 764 932 814 docet,
971 770 1178 819 operatur
1213 769 1257 806 et
1292 764 1488 806 Christus
1524 748 1616 823 ests<
1663 765 1864 819 Recipite

302 846 478 886 interim
521 845 634 886 hanc
675 845 885 895 fabulam,
930 845 1080 887 similis
1121 850 1189 888 est
1229 846 1399 896 uestris,
1443 845 1549 887 dum
1591 846 1863 887 ostendimus

303 926 524 982 quomodo
552 926 749 968 Christus
776 926 987 982 probetur
1014 932 1058 968 et
1085 927 1159 982 qui
1186 941 1318 982 penes
1344 941 1425 968 uos
1452 927 1664 968 eiusmodi
1690 926 1862 968 fabulas

302 1008 496 1049 aemulas
534 1007 591 1049 ad
629 1007 973 1049 destructionem
1011 1008 1213 1049 ueritatis
1249 1008 1498 1049 istiusmodi
1537 1007 1860 1063 praeministra-
1883 1025 1928 1049 10

301 1089 458 1130 uerint.
520 1088 728 1130 Sciebant
762 1093 806 1130 et
840 1088 994 1130 Iudaei
1028 1094 1266 1130 uenturum
1302 1103 1393 1130 esse
1428 1088 1662 1139 Christum,
1699 1088 1863 1129 scilicet

302 1170 461 1225 quibus
490 1170 732 1225 prophetae
760 1170 1069 1225 loquebantur.
1131 1169 1246 1211 Nam
1279 1175 1323 1211 et
1351 1183 1468 1210 nunc
1497 1169 1741 1210 aduentum
1772 1169 1863 1210 eius

301 1256 551 1306 expectant,
590 1265 670 1292 nec
707 1251 792 1292 alia
829 1251 967 1306 magis
1002 1250 1118 1292 inter
1153 1264 1233 1292 nos
1271 1255 1315 1291 et
1350 1250 1446 1291 illos
1483 1250 1758 1305 conpulsatio
1796 1255 1863 1291 est

302 1346 435 1388 quam
458 1331 578 1387 quod
598 1332 687 1373 iam
703 1332 873 1374 uenisse
888 1346 977 1374 non
994 1331 1192 1373 credunt.
1252 1331 1438 1372 Duobus
1459 1331 1574 1372 enim
1595 1331 1861 1372 aduentibus

301 1413 392 1454 eius
426 1413 693 1469 significatis,
729 1413 884 1469 primo,
921 1413 996 1468 qui
1028 1413 1117 1454 iam
1152 1417 1400 1468 expunctus
1434 1417 1500 1454 est
1532 1413 1577 1454 in
1611 1412 1862 1454 humilitate
1883 1426 1926 1459 15

300 1495 564 1536 conditionis
581 1495 813 1546 humanae,
833 1495 1038 1546 secundo,
1060 1494 1135 1550 qui
1153 1493 1453 1536 concludendo
1471 1493 1642 1535 saeculo
1660 1494 1862 1535 imminet

298 1576 342 1618 in
383 1576 656 1618 sublimitate
695 1576 943 1618 diuinitatis
983 1581 1170 1627 exertae,
1212 1576 1404 1631 primum
1443 1590 1531 1617 non
1570 1575 1861 1631 intellegendo

300 1657 556 1708 secundum,
608 1671 739 1712 quem
794 1657 1070 1698 manifestius
1123 1656 1426 1712 praedicatum
1481 1661 1673 1711 sperant,
1723 1670 1861 1698 unum

299 1737 679 1779 existimauerunt.
740 1737 806 1778 Ne
834 1737 950 1778 enim
976 1737 1279 1793 intellegerent
1303 1737 1550 1792 pristinum,
1579 1737 1797 1788 credituri,
1825 1737 1860 1779 si

298 1819 628 1869 intellexissent,
660 1824 705 1860 et
731 1818 1007 1860 consecuturi
1034 1818 1236 1868 salutem,
1266 1818 1301 1859 si
1329 1817 1626 1867 credidissent,
1654 1817 1859 1859 meritum
1881 1836 1927 1859 20

298 1899 385 1941 fuit
418 1899 627 1941 delictum
663 1913 826 1940 eorum.
887 1899 978 1953 Ipsi
1012 1898 1165 1954 legunt
1197 1898 1261 1939 ita
1296 1898 1509 1953 scriptum
1543 1898 1782 1940 mulctatos
1814 1912 1860 1940 se

299 1980 515 2035 sapientia
540 1985 587 2022 et
610 1979 908 2035 intellegentia
935 1984 980 2020 et
1005 1979 1230 2020 oculorum
1256 1983 1301 2020 et
1325 1978 1497 2020 aurium
1522 1978 1658 2034 fruge.
1720 1978 1859 2028 Quem

298 2061 432 2117 igitur
477 2062 699 2103 hominem
745 2061 1020 2102 solummodo
1065 2066 1451 2116 praesumpserant
1495 2060 1549 2101 de
1595 2060 1856 2110 humilitate,

299 2142 566 2198 sequebatur
608 2142 673 2183 uti
717 2156 896 2198 magum
939 2142 1225 2183 aestimarent
1267 2141 1321 2182 de
1365 2146 1600 2196 potestate,
1646 2155 1746 2182 cum
1788 2141 1859 2183 ille

299 2224 433 2265 uerbo
467 2223 700 2265 daemonia
733 2223 787 2264 de
820 2223 1070 2265 hominibus
1104 2227 1342 2272 excuteret,
1378 2236 1529 2263 caecos
1562 2222 1856 2272 reluminaret,
1878 2241 1923 2273 25

298 2305 490 2360 leprosos
530 2309 750 2361 purgaret,
793 2304 1059 2359 paralyticos
1098 2304 1391 2359 restringeret,
1433 2307 1631 2344 mortuos
1670 2302 1858 2358 denique

299 2384 434 2426 uerbo
458 2384 660 2426 redderet
682 2384 815 2434 uitae,
843 2384 1058 2425 elementa
1080 2384 1176 2439 ipsa
1200 2383 1435 2424 famularet
1459 2396 1737 2437 compescens
1760 2397 1856 2437 pro-

300 2464 428 2505 cellas
454 2470 498 2506 et
521 2464 634 2505 freta
658 2464 916 2520 ingrediens,
944 2464 1179 2505 ostendens
1206 2477 1251 2504 se
1279 2477 1370 2504 esse
1397 2462 1581 2503 uerbum
1610 2461 1692 2512 dei,
1718 2462 1763 2503 id
1790 2468 1857 2504 est

299 2545 525 2596 ΛΟΓΟΝ,
559 2546 666 2587 illud
700 2546 991 2601 primordiale,
1027 2545 1380 2601 primogenitum,
1416 2544 1582 2585 uirtute
1612 2549 1657 2585 et
1686 2544 1856 2586 ratione

299 2626 559 2667 comitatum
602 2631 646 2668 et
685 2627 843 2682 spiritu
883 2627 1058 2677 fultum,
1102 2626 1289 2668 eundem
1331 2625 1406 2681 qui
1446 2625 1580 2666 uerbo
1622 2625 1769 2667 omnia
1811 2631 1856 2668 et
1875 2644 1922 2677 30

298 2705 462 2747 faceret
482 2712 527 2747 et
547 2707 732 2749 fecisset.
794 2707 864 2749 Ad
885 2707 1132 2749 doctrinam
1154 2721 1257 2748 uero
1280 2707 1383 2756 eius,
1408 2720 1495 2761 qua
1515 2705 1854 2748 reuincebantur

297 2787 493 2842 magistri
521 2788 818 2843 primoresque
845 2788 1124 2838 Iudaeorum,
1152 2788 1217 2829 ita
1245 2786 1632 2842 exasperabantur,
1661 2786 1853 2828 maxime

298 2867 417 2923 quod
434 2867 586 2923 ingens
605 2867 661 2908 ad
681 2882 780 2909 eum
799 2868 1040 2910 multitudo
1059 2867 1322 2918 deflecteret,
1343 2872 1394 2908 ut
1412 2872 1633 2921 postremo
1652 2866 1851 2909 oblatum
