1975 3306
274 152 327 192 64
854 150 1260 193 TERTVLLIANI

274 266 510 316 antecedit,
531 280 704 321 possem
724 266 858 308 etiam
878 266 1020 307 dicere
1039 265 1290 320 quingentis
1309 264 1498 320 amplius
1517 269 1561 305 et
1579 263 1841 314 Homerum,

274 341 440 382 habens
487 356 597 396 quos
642 356 813 396 sequar.
875 340 1016 382 Ceteri
1062 354 1239 395 quoque
1284 339 1526 394 prophetae
1573 339 1653 380 etsi
1700 338 1841 393 Moysi

274 421 547 471 postumant,
584 416 891 458 extremissimi
924 421 1076 457 tamen
1110 429 1260 456 eorum
1293 429 1382 456 non
1415 414 1666 456 retrosiores
1699 428 1839 469 repre-

274 491 529 532 henduntur
542 491 807 546 primoribus
820 491 978 533 uestris
991 490 1265 545 sapientibus
1280 495 1323 531 et
1335 489 1522 546 legiferis
1536 494 1581 531 et
1593 489 1810 530 historicis
1823 491 1836 530 2

273 565 397 606 Haec
416 566 575 621 quibus
593 566 820 607 ordinibus
837 565 1014 621 probari
1033 565 1204 620 possint
1221 579 1309 606 non
1328 570 1422 606 tam
1441 564 1613 606 difficile
1632 569 1698 606 est
1715 564 1841 606 nobis
1861 580 1884 611 5

274 655 491 696 exponere
533 656 667 696 quam
711 655 899 691 enorme,
943 655 1023 682 nec
1065 640 1267 690 arduum,
1311 640 1387 681 sed
1427 640 1605 681 interim
1645 639 1838 695 longum.

274 716 425 758 Multis
480 717 787 758 instrumentis
843 731 943 758 cum
1000 716 1239 771 digitorum
1295 715 1565 771 supputariis
1621 715 1841 771 gesticulis

274 791 566 833 adsidendum
611 796 690 842 est,
735 791 969 833 reseranda
1013 790 1421 846 antiquissimarum
1466 790 1600 831 etiam
1643 790 1840 845 gentium

274 866 466 917 archiua,
510 866 844 922 Aegyptiorum,
890 866 1222 916 Chaldaeorum,
1266 865 1550 916 Phoenicum,
1593 865 1841 906 aduocandi

274 942 516 997 municipes
556 956 706 983 eorum
746 956 823 997 per
862 956 972 997 quos
1010 941 1171 983 notitia
1210 941 1546 983 subministrata
1586 946 1664 991 est,
1706 941 1840 995 aliqui
1864 959 1910 982 10

274 1017 517 1058 Manethon
549 1017 795 1073 Aegyptius
829 1022 874 1059 et
906 1017 1094 1059 Berosus
1127 1016 1384 1067 Chaldaeus,
1420 1017 1496 1058 sed
1530 1022 1574 1058 et
1606 1016 1841 1058 Hieromus

274 1093 485 1143 Phoenix,
539 1093 642 1148 Tyri
691 1107 781 1143 rex,
834 1098 1074 1134 sectatores
1123 1107 1299 1147 quoque
1347 1092 1543 1147 ipsorum
1594 1092 1841 1133 Mendesius

274 1168 554 1210 Ptolemaeus
572 1173 616 1210 et
633 1168 872 1209 Menander
889 1168 1106 1223 Ephesius
1124 1173 1168 1209 et
1183 1168 1436 1210 Demetrius
1452 1167 1687 1210 Phalereus
1705 1173 1749 1209 et
1765 1182 1840 1208 rex

274 1243 387 1286 Iuba
406 1250 450 1285 et
467 1244 612 1299 Apion
630 1249 674 1285 et
691 1244 870 1286 Thallus
893 1250 937 1286 et
959 1244 993 1285 si
1017 1244 1113 1298 quis
1130 1243 1237 1284 istos
1255 1249 1334 1285 aut
1356 1243 1517 1298 probat
1539 1249 1618 1285 aut
1639 1244 1838 1293 reuincit,

275 1318 467 1361 Iudaeus
487 1319 713 1374 Iosephus,
736 1320 1059 1375 antiquitatum
1080 1318 1361 1360 Iudaicarum
1381 1319 1642 1360 uernaculus
1661 1319 1838 1369 uindex,
1864 1337 1908 1369 15

276 1394 542 1436 Graecorum
578 1395 712 1436 etiam
747 1395 970 1437 censuales
1005 1394 1269 1443 conferendi,
1306 1399 1358 1435 ut
1392 1408 1505 1449 quae
1540 1394 1717 1449 quando
1752 1394 1841 1435 sint

275 1476 397 1525 gesta
443 1475 523 1511 aut
567 1470 953 1511 concatenationes
998 1475 1249 1524 temporum
1294 1469 1560 1523 aperiantur,
1608 1483 1684 1524 per
1729 1484 1841 1524 quae

274 1546 452 1587 luceant
484 1546 711 1587 annalium
742 1545 936 1594 numeri,
986 1544 1353 1600 peregrinandum
1387 1550 1453 1586 est
1483 1545 1528 1585 in
1561 1544 1764 1586 historias
1797 1551 1841 1586 et

274 1621 445 1662 litteras
484 1620 613 1662 orbis.
675 1620 736 1661 Et
773 1625 924 1661 tamen
964 1619 1089 1674 quasi
1128 1624 1300 1674 partem
1338 1619 1427 1660 iam
1466 1619 1739 1674 probationis
1776 1620 1839 1661 in-

275 1698 470 1748 tulimus,
512 1712 612 1739 cum
651 1712 728 1753 per
766 1711 879 1752 quae
918 1697 1093 1752 probari
1131 1697 1302 1752 possint
1339 1698 1615 1752 aspersimus.
1677 1697 1838 1739 Verum
1861 1717 1909 1739 20

275 1777 448 1818 differre
487 1782 698 1832 praestat,
740 1777 810 1817 uel
849 1790 909 1822 nes
943 1776 1088 1817 minus
1127 1790 1441 1830 persequamur
1480 1775 1730 1817 festinando
1770 1776 1837 1817 uel

275 1854 442 1896 diutius
472 1868 707 1910 euagemur
737 1854 1051 1909 persequendo.

360 1987 434 2028 20.
495 1986 599 2028 Plus
618 1987 707 2028 iam
728 1987 951 2028 offerimus
972 2001 1049 2042 pro
1070 1987 1155 2028 ista
1177 1987 1388 2028 dilatione
1408 1988 1685 2029 maiestatem
1707 1988 1837 2043 scrip-

276 2069 489 2115 turarum,
536 2065 571 2106 si
613 2079 702 2106 non
746 2070 972 2106 uetustate
1016 2065 1188 2106 diuinas
1231 2065 1482 2120 probamus,
1528 2066 1562 2107 si
1607 2065 1839 2107 dubitatur

275 2143 533 2197 antiquitas.
596 2142 687 2183 Nec
719 2142 801 2183 hoc
832 2142 1001 2184 tardius
1032 2148 1112 2184 aut
1142 2143 1318 2184 aliunde
1349 2144 1619 2185 discendum.
1682 2143 1837 2185 Coram
1860 2163 1903 2194 25

275 2225 381 2261 sunt
405 2235 517 2275 quae
542 2219 778 2270 docebunt,
805 2220 997 2261 mundus
1022 2226 1066 2262 et
1090 2221 1313 2262 saeculum
1338 2226 1383 2263 et
1407 2221 1563 2263 exitus.
1620 2209 1837 2276 Quicquid

276 2298 433 2353 agitur,
461 2298 882 2352 praenuntiabatur;
926 2299 1135 2353 quicquid
1161 2299 1349 2350 uidetur,
1377 2299 1652 2340 audiebatur.
1710 2298 1837 2348 Quod

276 2381 417 2416 terrae
438 2381 599 2417 uorant
619 2376 762 2427 urbes,
786 2377 905 2431 quod
925 2377 1089 2418 insulas
1110 2378 1248 2418 maria
1270 2377 1491 2427 fraudant,
1516 2378 1634 2432 quod
1656 2383 1837 2418 externa

276 2459 411 2508 atque
446 2455 619 2495 interna
655 2454 768 2495 bella
799 2455 1027 2506 dilaniant,
1061 2456 1180 2510 quod
1215 2456 1356 2511 regnis
1391 2470 1523 2511 regna
1559 2456 1834 2510 conpulsant,

277 2530 396 2584 quod
430 2530 568 2572 fames
603 2537 647 2572 et
679 2532 771 2573 lues
807 2537 851 2573 et
883 2533 1041 2574 locales
1065 2547 1275 2588 quaeque
1309 2533 1453 2574 clades
1488 2538 1531 2574 et
1564 2533 1836 2587 frequentiae
1858 2548 1906 2579 30

275 2607 533 2662 plerumque
596 2610 805 2650 mortium
869 2616 1064 2661 uastant,
1125 2611 1244 2665 quod
1302 2611 1486 2652 humiles
1549 2610 1835 2661 sublimitate,

275 2684 483 2726 sublimes
511 2685 761 2728 humilitate
788 2693 1033 2739 mutantur,
1064 2688 1182 2743 quod
1208 2688 1378 2729 iustitia
1405 2688 1596 2738 rarescit,
1625 2688 1837 2743 iniquitas

274 2761 567 2812 increbrescit,
608 2762 825 2805 bonarum
865 2766 1061 2807 omnium
1102 2766 1429 2820 disciplinarum
1469 2779 1571 2806 cura
1610 2766 1835 2820 torpescit,

277 2839 397 2894 quod
416 2840 549 2881 etiam
569 2841 710 2882 officia
730 2847 979 2897 temporum
1000 2849 1044 2885 et
1063 2844 1377 2885 elementorum
1397 2843 1547 2884 munia
1567 2842 1835 2894 exorbitant,
