1975 3306
126 161 170 203 p.
199 147 329 188 1441.
355 147 429 199 32]
644 143 1091 187 APOLOGETICVS
1125 147 1180 186 50
1610 144 1690 184 481

129 269 341 319 auqeatur
380 277 449 305 res
484 262 624 317 maqis
666 268 702 303 et
745 264 893 304 contra
934 275 1074 303 omnes
1115 260 1259 302 minas
1300 265 1424 315 atque
1464 258 1695 301 interdicta

116 334 417 391 formidinum
439 333 675 375 animosius
698 332 889 388 populus
911 331 1127 373 obnitatur
1148 336 1187 373 et
1207 330 1265 372 ad
1286 329 1485 372 credendi
1505 329 1696 371 studium

122 404 427 460 prohibitionis
457 403 595 459 ipsius
625 402 816 445 stimulis
847 403 1061 444 eoecitetur.
1123 401 1179 445 ib.
1208 401 1260 443 77
1289 401 1375 443 ista
1400 416 1529 457 quam
1551 400 1696 442 dicitis

127 475 433 531 persecutionis
451 475 674 530 asperitas,
690 473 887 515 liberatio
903 479 1051 515 nostra
1068 479 1137 521 est,
1155 487 1239 514 non
1255 473 1503 528 persecutio.
1537 470 1694 513 lustin,

130 546 255 602 Apol.
279 556 315 585 ΙΙ
340 546 394 586 10
416 560 456 600 p.
474 546 549 586 49³
572 544 692 586 Otto.
749 546 801 584 12
825 558 864 599 p.
884 545 968 585 502.
1021 543 1077 584 ib.
1102 543 1213 586 Dial.
1238 559 1270 585 c.
1294 543 1453 599 Tryph.
1480 545 1563 584 110
1587 542 1694 584 Otto
1716 555 1737 587 5

129 617 223 659 adl.
239 632 278 673 p.
296 614 407 658 337¹0
425 614 862 672 κεφαλοτομούμενοι
881 614 968 672 «γὰρ
986 614 1061 657 καὶ
1085 613 1407 671 σταυρούμενοι
1430 614 1506 657 καὶ
1530 613 1694 669 θηρίοις

130 684 538 743 παραβαλλόμενοι
568 686 644 728 καὶ
675 685 854 737 δεσμοῖς
881 685 953 728 καὶ
982 685 1090 740 πυρὶ
1117 686 1191 727 καὶ
1215 686 1387 730 πάσαις
1409 688 1505 731 ταῖς
1533 684 1697 730 ἄλλαις

132 755 355 808 βασάνοις
398 755 467 798 ὅτι
511 756 591 798 οὐκ
634 755 929 810 ἀφιστάμεθα
971 759 1048 808 τῆς
1092 754 1342 810 ὁμολογίας,
1385 754 1518 808 δῆλόν
1560 755 1695 805 ἐστιν,

131 826 249 876 ἀλλ’,
273 826 451 882 ὅσῳπερ
480 825 534 867 ἂν
561 827 748 867 τοιαῦτά
782 843 881 867 τινα
909 823 1099 879 «γίνηται,
1131 825 1330 881 τοσούτῳ
1356 828 1533 878 μᾶλλον
1561 823 1696 866 ἄλλοι

131 895 333 942 πλείονες
375 895 533 938 πιστοὶ
571 895 644 938 καὶ
689 896 918 947 θεοσεβεῖς
958 895 1031 938 διὰ
1063 899 1141 938 τοῦ
1173 894 1387 949 ὀνόματος
1424 898 1502 936 τοῦ
1546 893 1697 946 Ἰησοῦ
1719 911 1761 934 10

131 964 343 1020 Ὑίνονται.
411 965 566 1008 ὁποῖον
589 966 664 1008 ἐάν
686 966 894 1020 ἀμπέλου
922 983 986 1010 τις
1014 965 1173 1020 ἐκτέμῃ
1198 965 1253 1007 τὰ
1282 965 1697 1021 καρποφορήσαντα

135 1037 254 1094 μέρη,
291 1036 351 1082 εἰς
384 1035 432 1078 τὸ
467 1036 827 1089 ἀναβλαστῆσαι
858 1035 1031 1093 ἑτέρους
1061 1036 1252 1082 κλάδους
1285 1036 1357 1079 καὶ
1390 1035 1589 1082 εὐθαλεῖς
1622 1035 1697 1078 καὶ

132 1106 446 1164 καρποφόρους
469 1105 725 1157 ἀναδίδωσι,
743 1106 819 1150 τὸν
842 1106 978 1150 αὐτὸν
1001 1106 1168 1161 τρόπον
1190 1107 1264 1149 καὶ
1288 1105 1354 1162 ἐφ’
1372 1108 1493 1160 ἡμῶν
1515 1106 1696 1161 vive-rai.

133 1178 210 1234 Ep.
248 1178 303 1219 ad
345 1178 550 1234 Diognet.
591 1178 613 1219 7
652 1178 725 1219 fin.
769 1178 854 1235 οὐχ
894 1176 1000 1236 ὁρᾷς
1043 1178 1135 1234 ὅσῳ
1174 1176 1376 1222 πλείονες
1420 1179 1695 1229 κολάζονται,

132 1246 331 1302 τοσούτῳ
369 1249 698 1301 πλεονάζοντας
737 1247 916 1293 ἄλλους.
990 1248 1047 1290 ib.
1087 1250 1111 1290 6
1148 1249 1173 1290 f.
1211 1248 1477 1305 Χριστιανοὶ
1516 1246 1695 1300 κολαζό-
1718 1268 1762 1300 15

130 1335 254 1372 μενοι
286 1317 385 1359 καθ’
419 1318 585 1373 ἡμέραν
617 1317 917 1370 πλεονάζουσι
959 1320 1149 1372 μᾶλλον.
1225 1317 1424 1360 Lactant.
1458 1330 1488 1358 V
1529 1321 1581 1360 13
1613 1316 1696 1374 §5

135 1389 188 1430 19
221 1386 287 1444 §9
320 1388 504 1444 (quoted
536 1388 694 1442 above)
726 1394 908 1443 auyetur
932 1381 1092 1443 'reliyio
1125 1388 1205 1438 dei,
1237 1395 1393 1444 quanto
1425 1389 1566 1444 magis
1596 1404 1696 1444 pre-

133 1457 276 1498 mitur.
352 1455 449 1514 §22
496 1457 765 1514 defendenda
811 1457 921 1498 enim
959 1457 1111 1512 reliqio
1149 1463 1208 1499 est
1240 1473 1323 1499 non
1360 1459 1582 1500 occidendo
1624 1458 1697 1500 sed

131 1527 361 1569 moriendo.
423 1528 537 1583 Aug.
571 1527 637 1569 De
671 1526 767 1569 Ciu.
801 1526 885 1568 Dei
923 1538 959 1568 ΙΙ
998 1529 1052 1569 29
1086 1542 1124 1583 p.
1159 1530 1212 1569 95
1251 1528 1275 1570 l.
1308 1530 1362 1569 22
1393 1528 1464 1570 D.3
1502 1529 1604 1570 calls
1641 1544 1695 1570 on

133 1597 209 1638 the
247 1597 459 1654 offspring
494 1598 542 1639 of
580 1598 655 1639 the
694 1597 864 1654 Scipios
901 1597 984 1638 and
1024 1597 1238 1640 Fabricii:
1276 1601 1573 1655 experyiscere,
1606 1600 1696 1642 dies
1715 1618 1763 1641 20

131 1673 201 1717 est,
234 1668 344 1710 sicut
376 1675 620 1723 eaperrecta
652 1684 692 1710 es
724 1669 770 1709 in
802 1668 1069 1723 quibusdam,
1104 1669 1156 1710 de
1193 1684 1373 1724 quorum
1410 1670 1569 1711 uirtute
1597 1685 1694 1725 per-

119 1736 244 1791 fecta
276 1743 314 1778 et
342 1753 422 1792 pro
451 1738 544 1792 fide
572 1752 678 1779 uera
707 1738 837 1779 etiam
863 1738 1139 1792 passionibus
1167 1739 1423 1793 qloriamur,
1446 1740 1520 1794 qui
1550 1755 1693 1795 usque-

130 1821 294 1862 quaque
316 1807 524 1849 aduersus
546 1813 773 1862 potestates
794 1807 1118 1849 inimicissimas
1139 1809 1403 1864 confligyentes
1424 1823 1573 1864 easque
1593 1811 1693 1866 for-

131 1877 230 1917 titer
259 1876 476 1918 moriendo
498 1877 710 1918 uincentes
742 1878 966 1932 ‘sanquine
996 1878 1111 1920 nobis
1138 1878 1246 1920 lianc
1269 1880 1467 1934 patriam
1493 1895 1694 1935 peperere

129 1945 228 1987 suos
292 1946 370 2002 Ep.
399 1948 446 1999 (3
461 1947 520 2000 =)
549 1945 630 1988 137
663 1945 682 2003 ἓ
710 1948 763 1988 16
796 1947 1075 1997 (Christiani)
1107 1949 1219 1990 inter
1249 1949 1442 1991 inimicos
1473 1955 1693 2005 auqentur,
1713 1973 1757 2006 25

123 2016 486 2071 persecutionibus
527 2025 727 2066 crescunt,
762 2033 845 2073 per
887 2018 1186 2073 adflictionum
1220 2019 1443 2074 aaqustias
1479 2035 1610 2075 'usque
1635 2021 1691 2079 ῇίη

128 2091 347 2127 terrarum
383 2092 567 2128 eoetrema
607 2087 862 2129 dilatantur.
938 2088 1057 2145 Orig.
1093 2088 1240 2131 Contr.
1277 2088 1386 2131 Cels.
1425 2101 1495 2130 VH
1531 2092 1583 2132 26
1618 2090 1689 2133 fin.

130 2156 272 2197 Rufin.
311 2156 426 2198 Hist.
464 2157 574 2198 Eccl.
612 2169 664 2198 IX
703 2160 726 2200 9
765 2174 803 2214 p.
841 2161 924 2200 528
960 2175 1015 2200 m.
1091 2160 1179 2201 Leo
1217 2159 1353 2202 Serm.
1394 2163 1414 2200 1
1456 2160 1522 2201 De
1561 2160 1689 2202 Petro

129 2232 174 2267 eb
217 2226 362 2267 Paulo.
445 2227 590 2280 [=82
652 2242 684 2269 c.
730 2229 766 2277 6,
819 2228 981 2284 Migne,
1025 2229 1068 2270 P.
1103 2230 1148 2271 L.
1203 2241 1281 2270 LIV
1334 2228 1467 2272 42621'.
1550 2231 1600 2271 A.
1624 2230 1685 2286 S]

129 2296 198 2337 Ad
247 2296 370 2352 Scap.
415 2300 436 2337 1
485 2311 581 2339 cum
627 2299 742 2340 omni
789 2300 974 2341 saeuitia
1023 2306 1164 2342 uestra
1211 2306 1510 2349 concertamus,
1559 2302 1687 2343 etiam
1707 2321 1753 2352 30

129 2366 242 2408 ultro
279 2373 554 2421 erumpentes,
587 2369 805 2423 maqisque
842 2369 1041 2412 damnati
1071 2385 1199 2426 quam
1231 2371 1411 2412 absoluti
1438 2372 1685 2426 gaudemus.

126 2436 183 2477 ib.
221 2438 260 2478 4.
332 2437 388 2480 ib.
433 2439 457 2478 5
499 2437 571 2480 fin.
615 2453 685 2480 nec
726 2445 868 2481 tamen
909 2440 1072 2495 deficiet
1112 2441 1212 2482 haec
1252 2448 1374 2490 secta,
1417 2456 1547 2497 quam
1589 2448 1686 2486 tunc

127 2506 267 2560 maqis
317 2506 544 2560 aedificari
593 2508 718 2558 scias,
767 2523 862 2550 cum
913 2510 1034 2551 caedi
1084 2510 1262 2553 videtur.
1344 2514 1521 2566 quisque
1570 2513 1682 2554 enim

124 2580 292 2616 tantam
328 2575 604 2618 tolerantiam
637 2583 841 2633 spectans,
875 2585 923 2620 ut
955 2580 1099 2634 aliquo
1136 2581 1336 2636 scrupulo
1370 2596 1608 2636 percussus,
1646 2589 1683 2625 et

124 2644 341 2698 inquirere
392 2644 648 2694 accenditur,
690 2646 794 2701 quid
844 2647 900 2688 sit
944 2647 991 2688 in
1042 2663 1185 2698 causa,
1233 2655 1272 2691 et
1320 2649 1394 2691 ubi
1443 2652 1682 2705 coynouerit
1702 2662 1746 2696 35

124 2712 350 2754 ueritatem
381 2719 419 2755 et
449 2713 540 2768 ipse
569 2715 718 2756 statim
751 2716 953 2771 sequitur.
1028 2717 1140 2759 Bibl.
1179 2718 1292 2760 Max.
1330 2718 1445 2761 Patr.
1477 2731 1545 2761 VII
1579 2720 1680 2763 7380

128 2788 338 2837 martyres
386 2783 603 2825 moriendo
649 2785 834 2826 uincunt.
916 2786 965 2828 cf.
1009 2786 1183 2828 Lucifer
1224 2786 1363 2830 Calar.
1403 2788 1680 2832 Moriendum

125 2866 218 2893 esse
259 2867 336 2908 pro
377 2851 462 2893 Dei
503 2851 616 2893 Filio
658 2853 791 2906 (Bibl.
827 2854 941 2897 Max.
982 2867 1031 2896 1V
1067 2854 1201 2899 2420d.
1276 2857 1339 2898 La
1386 2857 1528 2900 Cerda
1571 2859 1681 2902 cites

233 2949 276 2975 M.
298 2949 332 2976 T.
1517 2946 1562 2982 31
