1975 3306
272 133 354 173 200
846 136 1252 178 TERTVLLIANI
1510 137 1568 191 [p.
1596 137 1647 176 30
1669 134 1698 176 l.
1722 134 1833 175 28-

270 246 435 291 Sanum
466 250 583 293 Laet.
608 263 638 293 V
662 254 686 294 6
711 254 735 294 6
758 251 844 293 and
871 251 906 294 7.
961 263 976 292 Ι
1001 253 1053 293 21
1079 253 1120 294 3.
1180 251 1280 293 qu.
1304 254 1357 293 15
1384 253 1466 293 116
1489 267 1529 293 n.
1593 251 1695 293 Eus.
1716 250 1828 292 laud.

271 317 419 361 Consu.
458 323 510 363 13
551 323 618 363 16.
681 322 861 363 Human
899 321 1119 377 Offerings
1160 321 1283 363 Zahn
1317 321 1630 378 Forsehungen
1666 332 1697 361 V
1736 322 1833 362 188.

269 387 310 429 J.
334 389 512 439 Reville‚
536 391 606 432 die
629 390 831 448 Religion
854 391 901 433 in
920 391 1031 432 Rom
1049 398 1180 433 unter
1196 391 1281 433 den
1304 390 1495 433 Severen
1513 391 1679 447 (Leipz.
1699 392 1833 443 1888)

269 473 309 513 p.
333 462 386 501 99
409 475 449 501 n.
474 464 494 501 1
523 461 604 503 127
628 477 668 503 n.
687 463 727 504 4.
787 461 830 503 J.
852 462 1062 504 Geffeken
1085 461 1200 503 Zwei
1223 461 1499 518 Apologeten
1521 460 1678 516 (1907)
1700 475 1742 517 p.
1765 463 1832 503 66.

227 543 246 574 5
356 546 393 587 p.
429 534 483 573 30
516 533 542 575 l.
571 535 623 575 31
659 545 720 574 DE
753 544 1075 575 CRVDELITATE
1109 535 1134 574 5
1167 548 1221 574 m.
1255 532 1542 582 Domitianus,
1573 532 1713 588 portio
1744 531 1831 573 Ne-

266 602 384 643 ronis
415 602 466 645 cle
498 603 758 653 crudelitate,
779 603 853 646 sed
875 618 961 659 qua
982 608 1020 645 et
1050 603 1185 645 honio.
1247 602 1413 644 saturn
1446 602 1619 659 against
1641 603 1830 650 Uranus,

267 672 470 728 Iuppiter
490 675 663 730 against
686 674 852 717 Saturn
876 674 997 731 Orig.
1022 689 1056 715 c.
1080 673 1193 716 Cels.
1216 685 1231 714 Ι
1256 673 1323 714 17.

355 758 395 798 p.
428 745 483 785 30
521 745 544 786 l.
584 746 638 786 32
675 744 874 786 Philostr.
910 744 1053 800 Apoll.
1088 755 1138 784 IV
1173 745 1198 784 8
1233 743 1421 785 ascribes
1454 742 1741 784 eannibalism
1785 748 1830 783 to

268 810 459 854 witches.
521 812 637 855 Soer.
669 825 724 854 ΙΙΙ
758 816 781 854 2
813 811 853 870 ἐξ
885 815 923 861 2,
956 816 980 855 5
1015 828 1116 854 men
1150 813 1371 854 sacrificed
1406 819 1451 854 to
1486 812 1685 854 Mithres.

207 896 249 918 10
357 896 397 937 p.
420 884 474 923 32
498 883 524 923 1.
547 885 571 924 3
605 895 910 925 PRAESIDIBVS
942 883 1055 924 infra
1077 885 1132 926 30
1156 884 1182 924 f.
1204 889 1336 940 spect.
1361 885 1416 925 30
1438 899 1479 940 p.
1503 883 1601 924 281.
1624 884 1678 924 23
1703 882 1830 924 Wiss.

261 952 487 1006 praesides
512 959 800 1008 persecutores
832 953 1038 995 dominici
1068 953 1254 995 nominis
1284 952 1550 995 saeuioribus
1581 967 1713 1008 quam
1745 952 1831 1007 ipsi

257 1021 455 1076 flammis
486 1024 731 1065 saeuierunt
766 1024 1020 1065 insultantes
1061 1029 1210 1065 contra
1254 1023 1519 1065 Christianos
1554 1023 1830 1079 liquescentes.

266 1091 320 1133 de
347 1092 444 1135 idol.
470 1095 524 1135 23
554 1109 595 1150 p.
619 1096 672 1136 56
696 1094 720 1135 l.
746 1096 799 1135 12
825 1093 949 1135 Wiss.
1014 1093 1138 1150 Kaye
1161 1096 1230 1135 48.
1293 1094 1429 1136 Blunt
1453 1093 1591 1150 Right
1617 1093 1709 1136 Use
1732 1095 1829 1135 335.

267 1162 339 1217 [O.
373 1163 635 1214 Hirschfeld,
669 1164 753 1206 Die
787 1164 1089 1206 Kaiserliehen
1117 1164 1632 1221 Vel-waltungsbeamten
1660 1164 1727 1206 bis
1755 1165 1836 1206 auf

205 1245 245 1276 Ῑ5
267 1233 514 1276 Diocletian
536 1237 581 1285 (2
604 1235 740 1288 Aufl.)
762 1250 832 1291 pp.
855 1237 938 1277 385
958 1235 999 1276 ff.
1068 1235 1118 1277 A.
1143 1234 1206 1289 S.]

354 1320 394 1360 Ρ.
417 1307 471 1346 32
495 1305 520 1346 l.
543 1308 567 1347 5
591 1317 910 1354 EXTORQVETIS
943 1307 999 1347 30
1023 1306 1047 1347 f.
1071 1311 1306 1361 extorquete
1336 1305 1530 1347 animani
1559 1305 1634 1348 deo
1662 1306 1827 1362 suppli-

265 1380 427 1417 cantem
453 1391 536 1431 pro
567 1376 836 1431 imperatore.

352 1460 391 1501 p.
415 1447 470 1486 32
493 1446 517 1487 1.
541 1447 565 1488 6
597 1457 795 1487 CANIBVS
827 1445 911 1487 Ou.
934 1445 1021 1487 her.
1052 1447 1103 1486 11
1136 1446 1280 1487 83—4
1309 1445 1479 1500 iamque
1507 1445 1611 1487 dari
1633 1461 1828 1502 paruum

266 1515 518 1571 canibusque
548 1515 777 1571 sinibusque
804 1521 994 1571 nepotem
1021 1515 1206 1557 iusserat
1234 1515 1281 1557 in
1308 1515 1411 1557 solis
1439 1515 1691 1572 destituique
1715 1516 1826 1558 locis.

202 1603 245 1625 20
267 1584 362 1626 Ter.
386 1585 571 1642 Hecyra.

355 1667 600 1699 EXPONITIS
623 1662 705 1699 cet.
726 1656 781 1698 ad
802 1662 893 1698 nab.
921 1668 938 1697 Ι
967 1659 1020 1697 15
1049 1656 1215 1698 Her-ald
1242 1671 1315 1712 pp.
1338 1658 1511 1698 206—8
1533 1657 1619 1698 and
1642 1659 1827 1700 64—65.

267 1726 387 1783 Orig.
401 1742 435 1768 e.
453 1726 563 1769 Cels.
581 1739 669 1768 VIII
691 1726 710 1785 ἓ
734 1731 785 1769 55
806 1728 832 1769 f.
884 1727 1045 1769 Minue.
1062 1729 1117 1769 30
1134 1725 1153 1784 ξ
1171 1729 1194 1768 2
1212 1742 1288 1769 suos
1305 1728 1417 1769 enini
1438 1728 1561 1770 uideo
1581 1735 1827 1784 procreatos

257 1797 378 1852 filios
402 1813 512 1839 nunc
532 1797 650 1853 feris
674 1803 712 1840 et
744 1797 896 1839 auibus
927 1812 1140 1854 eoeponere,
1161 1812 1272 1839 nunc
1298 1797 1648 1853 adstranqulatos
1673 1799 1825 1840 misero

266 1867 416 1907 mortis
430 1881 578 1922 qenere
592 1851 766 1909 elidere:
799 1873 896 1908 sunt
913 1882 1020 1922 quae
1036 1867 1082 1908 in
1098 1867 1206 1922 ipsis
1223 1867 1453 1908 uisceribus
1474 1867 1827 1910 medicaminibus

202 1957 244 1988 25
266 1936 398 1990 epotis
431 1936 639 1991 oriqineni
660 1935 814 1992 futuri
844 1937 1028 1978 hominis
1059 1936 1329 1991 eoestinyuant
1360 1943 1398 1978 et
1423 1938 1719 1992 parricidium
1745 1937 1824 1994 fa-

265 2007 380 2048 ciant
411 2013 507 2049 ante
539 2023 666 2063 quain
693 2008 886 2063 pariant.
950 2013 987 2049 et
1015 2007 1116 2049 haec
1142 2007 1285 2062 utique
1313 2007 1364 2049 de
1390 2007 1565 2049 deorum
1586 2014 1825 2050 uestrorum

264 2077 499 2132 disciplina
530 2077 794 2120 descendunt.
856 2093 959 2119 nani
989 2077 1206 2119 Saturnus
1227 2077 1352 2133 filios
1382 2092 1479 2120 suos
1510 2093 1587 2119 non
1622 2080 1825 2135 exposuit,

263 2148 335 2190 sed
370 2149 550 2190 uorauit.
612 2149 662 2190 ef.
695 2151 747 2191 31
781 2146 801 2205 ξ
831 2150 871 2190 3.
932 2148 1229 2203 cone.Aney1·.
1255 2163 1286 2190 e.
1312 2150 1379 2189 21.
1441 2148 1660 2206 Athenag.
1683 2151 1823 2207 suppl.

265 2220 318 2259 35
354 2218 427 2259 fin.
465 2218 539 2261 καὶ
575 2218 615 2261 οἱ
649 2218 728 2262 τὰς
760 2221 853 2263 τοῖς
885 2216 1237 2272 ἀμβλωθριδίοις
1272 2218 1502 2275 χρωμένας
1540 2218 1824 2276 ἅνδροφονεῖν

201 2310 245 2342 30
267 2306 313 2330 τε
348 2288 422 2331 καὶ
454 2288 589 2342 λόνγον
627 2287 803 2345 ὑφέξειν
835 2290 912 2339 τῆς
945 2287 1276 2342 ἐξαμβλώσεως
1308 2290 1367 2344 τῷ
1400 2288 1483 2345 θεῷ
1514 2292 1674 2346 φαμεν,
1709 2290 1823 2332 κατὰ

265 2360 394 2399 ποῖον
438 2357 792 2414 ἅνδροφονοῦμεν
825 2357 986 2412 λόὙον;
1031 2355 1080 2398 ου’
1114 2355 1198 2410 Ὑτὶρ
1233 2358 1312 2398 τοῦ
1343 2357 1482 2398 αὐτοῦ
1520 2357 1708 2410 νομίζειν
1744 2359 1823 2410 μὲν

264 2426 336 2468 καὶ
363 2425 410 2468 τὸ
444 2426 558 2468 κατὰ
591 2425 786 2481 Γγαστρὸς
821 2427 927 2483 ζῷον
959 2425 1069 2469 εἶναι
1103 2426 1178 2468 καὶ
1212 2426 1281 2468 διὰ
1310 2430 1441 2469 τοῦτο
1469 2428 1621 2482 μέλειν
1644 2431 1704 2484 τῷ
1728 2429 1822 2484 θεῷ,

264 2496 336 2536 καὶ
358 2496 707 2551 παρεληλυθότα
728 2496 787 2541 εἰς
818 2495 893 2538 τὸν
922 2495 1026 2544 βίον
1056 2497 1268 2550 φονεύειν,
1290 2497 1365 2538 καὶ
1396 2495 1455 2550 μὴ
1490 2496 1709 2540 ἐκτιθέναι
1741 2498 1821 2552 μὲν

265 2564 311 2606 τὸ
344 2565 561 2619 γεννηθέν,
585 2567 641 2611 ὡς
671 2568 757 2608 τῶν
789 2566 1046 2609 ἐκτιθέντων
1078 2566 1494 2617 τεκνοκτονούντων,
1517 2569 1659 2610 πάλιν
1691 2568 1736 2610 δὲ
1770 2568 1820 2611 τὸ

200 2657 242 2688 35
264 2635 432 2691 τραφὲν
464 2634 675 2691 ἀναιρεῖν·
712 2634 813 2676 ἀλλ’
838 2636 972 2690 ἐσμὲν
1002 2635 1154 2678 ’πάντα
1183 2639 1419 2692 πανταχοῦ
1445 2636 1588 2691 ὅμοιοι
1612 2638 1685 2679 καὶ
1715 2638 1820 2687 ἴσοι,

265 2704 543 2750 δουλεύοντες
572 2707 632 2761 τῷ
653 2705 773 2761 λόγῳ
803 2707 875 2748 καὶ
906 2705 986 2748 οὐκ
1009 2705 1220 2762 ἄρχοντες
1243 2706 1387 2748 αὐτοῦ.
1449 2722 1514 2763 ep.
1536 2707 1590 2748 ad
1613 2707 1768 2763 Diogn.
1794 2712 1816 2750 5

263 2790 303 2831 p.
345 2774 450 2816 497¹³
491 2775 558 2827 (of
594 2775 859 2829 Christians)
902 2777 952 2818 οὐ
995 2775 1208 2831 ῥίπτουσι
1246 2775 1597 2830 τὼνγεννώμειια.
1659 2776 1815 2820 IustIn.

262 2844 370 2900 apol.
401 2856 416 2885 Ι
452 2844 504 2886 27
533 2859 593 2900 pr.
621 2843 741 2898 ἡμεῖς
774 2844 830 2895 δέ,
868 2844 939 2887 ἵνα
969 2844 1134 2898 μηδένα
1168 2844 1392 2898 διώκωμεν
1422 2845 1534 2899 μηδὲ
1566 2845 1814 2901 (ἰσεΒῶμεν,
