1975 3306
274 141 353 182 154
845 142 1252 185 TERTVLLIANI
1572 146 1631 201 [p.
1656 147 1680 186 6
1704 145 1730 187 l.
1760 148 1841 185 1-

360 273 398 313 p.
425 262 448 299 6
474 259 496 300 l.
524 262 543 299 1
571 271 810 302 IMPVTANT
838 261 892 302 de
922 262 1085 318 paenit.
1117 264 1142 304 6
1169 277 1205 304 a.
1236 278 1290 304 m.
1321 277 1360 318 p.
1385 264 1470 304 654
1498 263 1522 303 l.
1547 264 1571 304 6
1604 263 1699 317 (luis
1726 261 1841 303 enim

272 343 433 379 seratis,
459 337 685 386 postquam
721 332 911 374 libertate
943 339 1133 375 ‘mutatus
1164 339 1235 384 est,
1255 333 1391 389 furta
1416 349 1496 374 sua
1526 339 1563 375 et
1589 333 1729 388 fuycts
1758 331 1839 373 sibi

273 398 530 455 imputat?
611 402 661 443 cf.
712 418 765 443 on
817 403 893 444 the
949 410 1060 445 stars
1109 419 1155 445 as
1214 420 1239 445 a
1291 411 1523 460 scapegoat
1572 405 1656 446 Iul.
1706 403 1840 444 Firm.

274 469 408 510 math.
453 481 467 510 Ι
513 473 533 511 1
579 470 625 511 in
663 471 894 514 Heraldus.

233 550 253 582 5
361 554 400 595 p.
435 542 459 582 6
493 540 516 582 l.
552 543 576 582 2
609 553 919 585 CHRISTIANVS
952 556 1076 586 VERO
1108 556 1224 593 (ΝΠ)
1253 548 1441 586 siMILE?
1504 559 1535 586 c.
1564 546 1588 584 2
1619 559 1680 600 pr.
1710 542 1839 599 quod-

273 623 448 664 cumque
479 611 677 653 dicimur.
740 612 843 655 ibid.
874 629 913 670 p.
939 616 962 655 6
988 614 1011 655 l.
1038 616 1090 656 25
1115 615 1166 656 de
1187 615 1306 656 nobis
1327 615 1438 656 nihil
1460 615 1555 656 tale.
1618 629 1650 655 c.
1674 616 1699 654 8
1722 628 1759 669 p.
1786 614 1843 653 28

274 678 297 719 l.
333 680 388 719 24
424 680 546 723 homo
578 697 620 723 es
654 688 692 724 et
728 683 831 738 ipse,
863 684 977 739 quod
1009 690 1047 726 et
1080 684 1535 727 Christianus...homo
1566 690 1625 726 est
1656 683 1768 725 enim
1805 688 1844 724 et

276 748 550 792 Christianus
571 758 609 794 et
630 753 742 807 quod
764 759 802 795 et
823 759 878 795 ta.

363 831 584 862 NEMINEM
627 835 790 872 PVDET,
828 835 1050 866 NEMINEM
1094 836 1332 875 PAENITET,
1371 837 1464 866 NISI
1503 835 1654 865 PLANE
1691 834 1842 865 RETRO

213 903 256 925 10
276 900 373 930 NON
411 902 568 933 FVISSE
602 893 763 935 Minuc.
804 896 858 936 28
895 893 915 951 ξ
949 897 973 936 2
1015 896 1178 937 malam
1221 903 1364 938 (tactem
1406 895 1509 937 adeo
1547 910 1627 936 ⁷1on
1667 909 1761 942 esse,
1801 898 1843 934 ut

277 958 548 1003 Christianus
579 978 675 1004 reus
706 979 780 1006 nec
812 964 1066 1007 erubesceret
1096 981 1170 1007 nec
1201 966 1377 1015 timeret,
1409 971 1447 1007 et
1475 980 1626 1006 unum
1660 963 1841 1005 solum-

274 1031 434 1081 modo,
467 1033 600 1088 quod
633 1049 730 1075 non
762 1041 882 1076 ante
914 1036 1092 1085 fuerit,
1124 1036 1440 1092 paeniteret.

364 1116 402 1157 p.
442 1104 466 1144 6
506 1103 528 1144 1.
568 1105 595 1144 4
631 1115 672 1145 SI
706 1116 988 1155 ACCVSATVR,
1022 1117 1118 1147 NON
1158 1118 1396 1148 DEFENDIT
1428 1105 1546 1146 Lact.
1581 1116 1611 1144 V
1645 1106 1700 1145 20
1736 1101 1755 1159 ἓ
1788 1104 1845 1144 10

275 1170 369 1213 ideo
391 1187 486 1213 cum
514 1179 603 1214 tam
633 1174 823 1230 nefanda
844 1177 1127 1231 perpetimur,
1149 1192 1199 1218 ‘ne
1221 1175 1347 1217 uerbo
1370 1175 1543 1231 quictem
1566 1174 1845 1221 reluctamur,

216 1258 255 1288 15
275 1240 349 1282 sed
370 1241 459 1283 Deo
481 1243 739 1285 remittimus
765 1245 975 1287 altionem.

364 1327 402 1368 p.
438 1314 462 1354 6
496 1313 521 1355 l.
555 1316 578 1354 5
610 1325 862 1357 DAMNATVS
894 1327 1092 1358 GRATIAS
1123 1328 1233 1358 AGIT
1260 1332 1291 1357 ο.
1322 1318 1376 1357 46
1405 1331 1443 1371 p.
1473 1331 1529 1356 m.
1556 1330 1596 1370 p.
1626 1316 1709 1355 130
1741 1313 1764 1355 l.
1790 1315 1843 1354 15

278 1381 608 1425 Christianus
641 1385 796 1427 etiam
830 1387 1103 1429 damnatus
1139 1386 1336 1444 gratias
1373 1386 1499 1442 agit.
1562 1387 1617 1427 50
1645 1386 1668 1426 f.
1703 1386 1845 1437 (note)

276 1468 316 1509 p.
342 1455 424 1496 146
452 1455 476 1496 l.
505 1457 529 1496 9
559 1455 659 1497 inde
691 1463 750 1498 est
784 1458 895 1512 quod
925 1458 1083 1500 ibidem
1115 1457 1396 1499 sententiis
1429 1456 1620 1498 uestris
1651 1454 1846 1512 gratias

278 1522 492 1579 agimus.
556 1531 601 1566 ut
632 1531 692 1567 est
723 1526 958 1568 aemulatio
987 1527 1165 1568 diuinae
1197 1527 1261 1568 rei
1288 1533 1325 1568 et
1352 1526 1577 1576 humanae,
1599 1540 1693 1567 cum
1722 1525 1844 1566 (Iam-

216 1612 260 1632 20
280 1608 438 1635 namur
460 1609 488 1635 α
509 1595 638 1643 uobis,
661 1611 688 1637 (ι
711 1597 800 1638 Deo
824 1597 1100 1639 absoluimm:
1161 1600 1181 1637 1
1208 1596 1303 1639 Cor.
1327 1599 1354 1637 4
1379 1598 1443 1637 12.
1497 1595 1654 1637 Iustin.
1677 1596 1785 1652 apol.
1812 1607 1844 1636 ΙΙ

281 1665 304 1704 2
329 1664 352 1704 f.
376 1679 415 1720 p.
439 1666 512 1706 430
534 1665 708 1715 Lucius,
725 1666 964 1724 defending
987 1667 1276 1716 Ptolemaeus,
1298 1667 1384 1708 and
1406 1666 1651 1722 confessing
1673 1665 1854 1706 himself

278 1748 303 1773 a
326 1733 562 1785 Christian,
586 1735 621 1776 is
644 1736 822 1777 ordered
846 1738 910 1778 for
939 1737 1194 1779 execution:
1228 1735 1249 1779 ὁ
1283 1737 1329 1779 δὲ
1358 1737 1434 1779 καὶ
1465 1736 1624 1793 χάριν
1657 1735 1847 1778 εἰδέναι

280 1803 509 1858 ὡμολόγει,
547 1809 751 1862 πονηρῶν
787 1806 1020 1849 δεσποτῶν
1057 1810 1143 1849 τῶν
1186 1807 1398 1850 τοιούτων
1435 1806 1740 1864 ἀπηλλάχθαι
1782 1824 1846 1858 ’γι-

282 1872 465 1917 νώσκων
488 1875 558 1917 καὶ
583 1875 694 1932 πρὸς
718 1876 794 1918 τὸν
817 1876 993 1933 πατέρα
1020 1878 1093 1919 καὶ
1122 1878 1324 1928 βασιλέα
1355 1879 1444 1919 τῶν
1467 1877 1664 1934 οὐρανῶν
1688 1875 1846 1934 πορεύ-

218 1959 261 1990 25
282 1944 425 1992 εσθαι,
449 1945 521 1987 καὶ
553 1944 694 1991 ἄλλος
724 1945 769 1988 δὲ
800 1946 948 2001 τρίτος
977 1947 1182 1989 ἐπελθὼν
1218 1947 1498 2000 κολασθῆναι
1525 1946 1847 2001 προσετιμήθη.

281 2014 393 2070 Aug.
417 2030 540 2057 serm.
565 2018 648 2058 309
682 2018 709 2057 4
741 2018 883 2073 (reply
916 2019 963 2059 of
987 2017 1179 2074 Cyprian
1208 2024 1252 2059 to
1285 2018 1360 2059 the
1391 2023 1595 2059 sentence
1622 2018 1669 2058 of
1694 2017 1850 2069 death)

282 2084 385 2125 Deo
408 2086 629 2142 gratias!
691 2087 752 2128 Le
776 2088 910 2129 Blant
933 2088 994 2129 les
1016 2094 1135 2130 actes
1157 2089 1232 2129 des
1256 2093 1443 2144 martyrs
1467 2087 1649 2130 237—8.

969 2265 1077 2308 CAP.
1110 2265 1158 2306 II

373 2366 435 2409 Cf.
451 2383 482 2408 c.
499 2370 553 2409 46
570 2369 801 2431 ‘xghyhave
818 2386 878 2411 we
897 2378 973 2412 not
992 2372 1066 2413 the
1084 2387 1201 2412 same
1218 2371 1438 2427 impunity
1447 2386 1493 2412 as
1508 2371 1806 2428 philosophers
1820 2373 1851 2413 ,⁹⁷

373 2452 412 2492 p.
451 2439 475 2479 6
519 2438 543 2480 l.
585 2438 635 2480 17
681 2452 978 2482 CHRISTIANIS
1020 2453 1145 2483 soLls
1188 2453 1324 2482 NIHJL
1360 2453 1672 2483 PERMITTITVR
1710 2453 1848 2490 LOQVI

223 2519 267 2549 30
285 2518 411 2554 QVOD
448 2519 632 2549 CAVSAM
667 2521 850 2551 PVRGET
883 2510 1054 2560 Iulitta,
1089 2510 1286 2567 winning
1320 2511 1397 2552 her
1430 2526 1524 2552 case
1562 2511 1735 2567 against
1767 2527 1850 2553 one

286 2575 380 2616 who
403 2576 486 2617 had
514 2577 759 2620 embezzled
790 2579 865 2620 the
897 2586 1071 2635 greater
1092 2586 1190 2635 part
1219 2580 1266 2620 of
1290 2579 1367 2621 her
1392 2585 1544 2629 estate,
1566 2595 1651 2621 was
1678 2581 1735 2636 by
1757 2580 1847 2621 him

283 2645 537 2687 ‹rlenounced
569 2662 616 2688 as
647 2663 673 2689 a
705 2648 941 2691 Christian.
1005 2649 1220 2705 Refusing
1242 2656 1286 2690 to
1312 2649 1514 2700 sacrifice,
1536 2649 1613 2690 she
1636 2665 1721 2691 was
1750 2658 1849 2691 con-

284 2715 470 2757 ‹lemned
495 2722 539 2757 to
561 2717 636 2759 the
659 2718 783 2759 stake
798 2718 948 2771 (Basil.
965 2719 1075 2761 hom.
1091 2719 1144 2760 sle
1166 2718 1351 2760 diuersis
1373 2734 1398 2759 v
1420 2719 1466 2760 in
1488 2724 1612 2761 mart.
1632 2719 1849 2768 Iulittam,

286 2797 320 2825 11
345 2787 583 2839 33³—453C).

224 2873 267 2904 35
376 2870 416 2910 p.
449 2858 472 2896 6
507 2856 530 2897 l.
566 2859 618 2898 15)
643 2869 782 2898 lLLvl)
814 2869 965 2899 SOLVM
999 2869 1326 2899 EXSPECTATVR
1357 2869 1483 2906 QVOD
1512 2869 1624 2899 omo
1654 2869 1852 2899 PvssLico
