<?xml version="1.0" encoding="UTF-8"?>
<!DOCTYPE html PUBLIC "-//W3C//DTD XHTML 1.0 Transitional//EN"
    "http://www.w3.org/TR/xhtml1/DTD/xhtml1-transitional.dtd">
<html xmlns="http://www.w3.org/1999/xhtml" xml:lang="en" lang="en">
 <head>
  <title>
</title>
<meta http-equiv="Content-Type" content="text/html;charset=utf-8" />
  <meta name='ocr-system' content='tesseract 3.04.00' />
  <meta name='ocr-capabilities' content='ocr_page ocr_carea ocr_par ocr_line ocrx_word'/>
</head>
<body>
  <div class='ocr_page' id='page_1' title='image "./qseptimiflorenti00tert_0116.png"; bbox 0 0 1975 3306; ppageno 0'>
   <div class='ocr_carea' id='block_1_1' title="bbox 236 162 1223 204">
    <p class='ocr_par' dir='ltr' id='par_1_1' title="bbox 236 162 1223 204">
     <span class='ocr_line' id='line_1_1' title="bbox 236 162 1223 204; baseline 0 -1"><span class='ocrx_word' id='word_1_1' title='bbox 236 163 288 204; x_wconf 79' lang='lat'>92</span> <span class='ocrx_word' id='word_1_2' title='bbox 816 162 1223 204; x_wconf 83' lang='lat' dir='ltr'><strong>TERTVLLIANI</strong></span> 
     </span>
    </p>
   </div>
   <div class='ocr_carea' id='block_1_2' title="bbox 234 277 1805 612">
    <p class='ocr_par' dir='ltr' id='par_1_2' title="bbox 234 277 1805 612">
     <span class='ocr_line' id='line_1_2' title="bbox 234 277 1804 335; baseline 0.001 -17"><span class='ocrx_word' id='word_1_3' title='bbox 234 277 461 333; x_wconf 81' lang='lat' dir='ltr'>religiones</span> <span class='ocrx_word' id='word_1_4' title='bbox 498 292 631 333; x_wconf 91' lang='lat' dir='ltr'>regna</span> <span class='ocrx_word' id='word_1_5' title='bbox 669 283 911 333; x_wconf 85' lang='lat' dir='ltr'>praestant,</span> <span class='ocrx_word' id='word_1_6' title='bbox 951 293 1181 334; x_wconf 90' lang='lat' dir='ltr'>nunquam</span> <span class='ocrx_word' id='word_1_7' title='bbox 1219 284 1335 320; x_wconf 89' lang='lat' dir='ltr'>retro</span> <span class='ocrx_word' id='word_1_8' title='bbox 1374 279 1541 320; x_wconf 89' lang='lat' dir='ltr'>Iudaea</span> <span class='ocrx_word' id='word_1_9' title='bbox 1579 283 1804 335; x_wconf 76' lang='lat' dir='ltr'>regnasset</span> 
     </span>
     <span class='ocr_line' id='line_1_3' title="bbox 235 347 1803 402; baseline 0.001 -14"><span class='ocrx_word' id='word_1_10' title='bbox 235 347 483 402; x_wconf 71' lang='lat' dir='ltr'>despectrix</span> <span class='ocrx_word' id='word_1_11' title='bbox 522 348 823 389; x_wconf 88' lang='lat' dir='ltr'>communium</span> <span class='ocrx_word' id='word_1_12' title='bbox 860 348 1047 389; x_wconf 89' lang='lat' dir='ltr'>istarum</span> <span class='ocrx_word' id='word_1_13' title='bbox 1085 348 1387 399; x_wconf 87' lang='lat' dir='ltr'>diuinitatum‚</span> <span class='ocrx_word' id='word_1_14' title='bbox 1428 349 1551 390; x_wconf 89' lang='lat' dir='ltr'>cuius</span> <span class='ocrx_word' id='word_1_15' title='bbox 1589 354 1634 390; x_wconf 89' lang='lat' dir='ltr'>et</span> <span class='ocrx_word' id='word_1_16' title='bbox 1671 348 1803 390; x_wconf 90' lang='lat' dir='ltr'>deum</span> 
     </span>
     <span class='ocr_line' id='line_1_4' title="bbox 235 417 1804 474; baseline 0.001 -16"><span class='ocrx_word' id='word_1_17' title='bbox 235 417 427 458; x_wconf 85' lang='lat' dir='ltr'>uictimis</span> <span class='ocrx_word' id='word_1_18' title='bbox 463 422 508 458; x_wconf 92' lang='lat' dir='ltr'>et</span> <span class='ocrx_word' id='word_1_19' title='bbox 542 417 759 472; x_wconf 88' lang='lat' dir='ltr'>templum</span> <span class='ocrx_word' id='word_1_20' title='bbox 794 417 921 459; x_wconf 91' lang='lat' dir='ltr'>donis</span> <span class='ocrx_word' id='word_1_21' title='bbox 957 423 1002 460; x_wconf 92' lang='lat' dir='ltr'>et</span> <span class='ocrx_word' id='word_1_22' title='bbox 1034 424 1211 474; x_wconf 88' lang='lat' dir='ltr'>gentem</span> <span class='ocrx_word' id='word_1_23' title='bbox 1247 418 1496 460; x_wconf 77' lang='lat' dir='ltr'>foederibus</span> <span class='ocrx_word' id='word_1_24' title='bbox 1530 418 1804 474; x_wconf 83' lang='lat' dir='ltr'>aliquamdiu</span> 
     </span>
     <span class='ocr_line' id='line_1_5' title="bbox 236 487 1805 542; baseline 0.002 -15"><span class='ocrx_word' id='word_1_25' title='bbox 236 487 427 528; x_wconf 86' lang='lat' dir='ltr'>Romani</span> <span class='ocrx_word' id='word_1_26' title='bbox 468 487 730 537; x_wconf 84' lang='lat' dir='ltr'>honorastis,</span> <span class='ocrx_word' id='word_1_27' title='bbox 773 502 1019 542; x_wconf 83' lang='lat' dir='ltr'>numquam</span> <span class='ocrx_word' id='word_1_28' title='bbox 1059 488 1330 530; x_wconf 90' lang='lat' dir='ltr'>dominaturi</span> <span class='ocrx_word' id='word_1_29' title='bbox 1371 489 1474 539; x_wconf 89' lang='lat' dir='ltr'>eius,</span> <span class='ocrx_word' id='word_1_30' title='bbox 1518 488 1553 530; x_wconf 89' lang='lat' dir='ltr'>si</span> <span class='ocrx_word' id='word_1_31' title='bbox 1593 488 1675 530; x_wconf 93' lang='lat' dir='ltr'>deo</span> <span class='ocrx_word' id='word_1_32' title='bbox 1716 502 1805 530; x_wconf 87' lang='lat' dir='ltr'>non</span> 
     </span>
     <span class='ocr_line' id='line_1_6' title="bbox 236 557 1025 612; baseline 0.003 -15"><span class='ocrx_word' id='word_1_33' title='bbox 236 557 492 612; x_wconf 84' lang='lat' dir='ltr'>deliquisset</span> <span class='ocrx_word' id='word_1_34' title='bbox 522 557 680 598; x_wconf 89' lang='lat' dir='ltr'>ultimo</span> <span class='ocrx_word' id='word_1_35' title='bbox 712 558 756 598; x_wconf 91' lang='lat' dir='ltr'>in</span> <span class='ocrx_word' id='word_1_36' title='bbox 789 557 1025 600; x_wconf 83' lang='lat' dir='ltr'>Christum.</span> 
     </span>
    </p>
   </div>
   <div class='ocr_carea' id='block_1_3' title="bbox 235 689 1807 1095">
    <p class='ocr_par' dir='ltr' id='par_1_3' title="bbox 235 689 1807 1095">
     <span class='ocr_line' id='line_1_7' title="bbox 320 689 1803 737; baseline 0.001 -7"><span class='ocrx_word' id='word_1_37' title='bbox 320 689 395 730; x_wconf 84' lang='lat'>27.</span> <span class='ocrx_word' id='word_1_38' title='bbox 456 689 572 731; x_wconf 81' lang='lat' dir='ltr'>Satis</span> <span class='ocrx_word' id='word_1_39' title='bbox 606 690 713 730; x_wconf 89' lang='lat' dir='ltr'>haec</span> <span class='ocrx_word' id='word_1_40' title='bbox 746 689 959 731; x_wconf 89' lang='lat' dir='ltr'>aduersus</span> <span class='ocrx_word' id='word_1_41' title='bbox 989 690 1334 731; x_wconf 85' lang='lat' dir='ltr'>intentationem</span> <span class='ocrx_word' id='word_1_42' title='bbox 1366 690 1509 731; x_wconf 84' lang='lat' dir='ltr'>laesae</span> <span class='ocrx_word' id='word_1_43' title='bbox 1542 690 1803 737; x_wconf 88' lang='lat' dir='ltr'>diuinitatis,</span> 
     </span>
     <span class='ocr_line' id='line_1_8' title="bbox 236 759 1803 815; baseline 0.001 -15"><span class='ocrx_word' id='word_1_44' title='bbox 236 774 323 814; x_wconf 89' lang='lat' dir='ltr'>quo</span> <span class='ocrx_word' id='word_1_45' title='bbox 357 774 446 801; x_wconf 88' lang='lat' dir='ltr'>non</span> <span class='ocrx_word' id='word_1_46' title='bbox 482 759 714 801; x_wconf 89' lang='lat' dir='ltr'>uideamur</span> <span class='ocrx_word' id='word_1_47' title='bbox 748 760 920 801; x_wconf 91' lang='lat' dir='ltr'>laedere</span> <span class='ocrx_word' id='word_1_48' title='bbox 957 774 1054 801; x_wconf 89' lang='lat' dir='ltr'>eam</span> <span class='ocrx_word' id='word_1_49' title='bbox 1092 775 1226 815; x_wconf 89' lang='lat' dir='ltr'>quam</span> <span class='ocrx_word' id='word_1_50' title='bbox 1264 760 1537 802; x_wconf 85' lang='lat' dir='ltr'>ostendimus</span> <span class='ocrx_word' id='word_1_51' title='bbox 1573 775 1662 801; x_wconf 92' lang='lat' dir='ltr'>non</span> <span class='ocrx_word' id='word_1_52' title='bbox 1699 774 1803 801; x_wconf 89' lang='lat' dir='ltr'>esse.</span> 
     </span>
     <span class='ocr_line' id='line_1_9' title="bbox 236 829 1806 885; baseline 0.001 -15"><span class='ocrx_word' id='word_1_53' title='bbox 236 829 378 884; x_wconf 82' lang='lat' dir='ltr'>Igitur</span> <span class='ocrx_word' id='word_1_54' title='bbox 403 830 633 884; x_wconf 89' lang='lat' dir='ltr'>prouocati</span> <span class='ocrx_word' id='word_1_55' title='bbox 659 829 716 871; x_wconf 90' lang='lat' dir='ltr'>ad</span> <span class='ocrx_word' id='word_1_56' title='bbox 742 829 1079 871; x_wconf 89' lang='lat' dir='ltr'>sacrificandum</span> <span class='ocrx_word' id='word_1_57' title='bbox 1105 829 1378 871; x_wconf 85' lang='lat' dir='ltr'>obstruimus</span> <span class='ocrx_word' id='word_1_58' title='bbox 1403 830 1588 885; x_wconf 90' lang='lat' dir='ltr'>gradum</span> <span class='ocrx_word' id='word_1_59' title='bbox 1615 844 1693 885; x_wconf 90' lang='lat' dir='ltr'>pro</span> <span class='ocrx_word' id='word_1_60' title='bbox 1720 829 1806 871; x_wconf 89' lang='lat' dir='ltr'>fide</span> 
     </span>
     <span class='ocr_line' id='line_1_10' title="bbox 235 899 1807 955; baseline 0.001 -15"><span class='ocrx_word' id='word_1_61' title='bbox 235 899 529 941; x_wconf 89' lang='lat' dir='ltr'>conscientiae</span> <span class='ocrx_word' id='word_1_62' title='bbox 554 905 745 950; x_wconf 86' lang='lat' dir='ltr'>nostrae,</span> <span class='ocrx_word' id='word_1_63' title='bbox 777 914 864 955; x_wconf 87' lang='lat' dir='ltr'>qua</span> <span class='ocrx_word' id='word_1_64' title='bbox 893 900 999 941; x_wconf 88' lang='lat' dir='ltr'>certi</span> <span class='ocrx_word' id='word_1_65' title='bbox 1028 915 1179 941; x_wconf 88' lang='lat' dir='ltr'>sumus</span> <span class='ocrx_word' id='word_1_66' title='bbox 1207 900 1265 941; x_wconf 90' lang='lat' dir='ltr'>ad</span> <span class='ocrx_word' id='word_1_67' title='bbox 1293 914 1404 955; x_wconf 90' lang='lat' dir='ltr'>quos</span> <span class='ocrx_word' id='word_1_68' title='bbox 1430 900 1515 941; x_wconf 91' lang='lat' dir='ltr'>ista</span> <span class='ocrx_word' id='word_1_69' title='bbox 1544 900 1807 955; x_wconf 88' lang='lat' dir='ltr'>perueniant</span> 
     </span>
     <span class='ocr_line' id='line_1_11' title="bbox 236 968 1806 1025; baseline 0 -15"><span class='ocrx_word' id='word_1_70' title='bbox 236 968 377 1010; x_wconf 88' lang='lat' dir='ltr'>officia</span> <span class='ocrx_word' id='word_1_71' title='bbox 414 969 495 1011; x_wconf 91' lang='lat' dir='ltr'>sub</span> <span class='ocrx_word' id='word_1_72' title='bbox 532 969 775 1025; x_wconf 83' lang='lat' dir='ltr'>imaginum</span> <span class='ocrx_word' id='word_1_73' title='bbox 812 970 1128 1025; x_wconf 84' lang='lat' dir='ltr'>prostitutione</span> <span class='ocrx_word' id='word_1_74' title='bbox 1165 975 1209 1011; x_wconf 92' lang='lat' dir='ltr'>et</span> <span class='ocrx_word' id='word_1_75' title='bbox 1246 970 1541 1011; x_wconf 90' lang='lat' dir='ltr'>humanorum</span> <span class='ocrx_word' id='word_1_76' title='bbox 1577 970 1806 1012; x_wconf 88' lang='lat' dir='ltr'>nominum</span> 
     </span>
     <span class='ocr_line' id='line_1_12' title="bbox 236 1039 1806 1095; baseline 0.001 -15"><span class='ocrx_word' id='word_1_77' title='bbox 236 1039 576 1081; x_wconf 89' lang='lat' dir='ltr'>consecratione.</span> <span class='ocrx_word' id='word_1_78' title='bbox 639 1039 724 1081; x_wconf 82' lang='lat' dir='ltr'>Sed</span> <span class='ocrx_word' id='word_1_79' title='bbox 748 1040 930 1095; x_wconf 89' lang='lat' dir='ltr'>quidam</span> <span class='ocrx_word' id='word_1_80' title='bbox 954 1040 1225 1081; x_wconf 88' lang='lat' dir='ltr'>dementiam</span> <span class='ocrx_word' id='word_1_81' title='bbox 1250 1040 1520 1090; x_wconf 73' lang='lat' dir='ltr'>existimant,</span> <span class='ocrx_word' id='word_1_82' title='bbox 1547 1040 1680 1095; x_wconf 83' lang='lat' dir='ltr'>quod,</span> <span class='ocrx_word' id='word_1_83' title='bbox 1707 1054 1806 1081; x_wconf 90' lang='lat' dir='ltr'>cum</span> 
     </span>
    </p>
   </div>
   <div class='ocr_carea' id='block_1_4' title="bbox 235 1115 1810 2918">
    <p class='ocr_par' dir='ltr' id='par_1_4' title="bbox 235 1115 1810 2918">
     <span class='ocr_line' id='line_1_13' title="bbox 235 1115 1808 1171; baseline -0.001 -14"><span class='ocrx_word' id='word_1_84' title='bbox 235 1116 453 1171; x_wconf 89' lang='lat' dir='ltr'>possimus</span> <span class='ocrx_word' id='word_1_85' title='bbox 488 1121 532 1158; x_wconf 90' lang='lat' dir='ltr'>et</span> <span class='ocrx_word' id='word_1_86' title='bbox 566 1116 809 1157; x_wconf 89' lang='lat' dir='ltr'>sacrificare</span> <span class='ocrx_word' id='word_1_87' title='bbox 842 1116 888 1157; x_wconf 92' lang='lat' dir='ltr'>in</span> <span class='ocrx_word' id='word_1_88' title='bbox 923 1116 1144 1171; x_wconf 87' lang='lat' dir='ltr'>praesenti</span> <span class='ocrx_word' id='word_1_89' title='bbox 1180 1121 1224 1157; x_wconf 90' lang='lat' dir='ltr'>et</span> <span class='ocrx_word' id='word_1_90' title='bbox 1258 1116 1409 1157; x_wconf 86' lang='lat' dir='ltr'>inlaesi</span> <span class='ocrx_word' id='word_1_91' title='bbox 1445 1115 1564 1157; x_wconf 90' lang='lat' dir='ltr'>abire</span> <span class='ocrx_word' id='word_1_92' title='bbox 1600 1121 1808 1158; x_wconf 89' lang='lat' dir='ltr'>manente</span> 
     </span>
     <span class='ocr_line' id='line_1_14' title="bbox 235 1192 1806 1248; baseline 0 -14"><span class='ocrx_word' id='word_1_93' title='bbox 235 1192 355 1247; x_wconf 88' lang='lat' dir='ltr'>apud</span> <span class='ocrx_word' id='word_1_94' title='bbox 399 1193 597 1234; x_wconf 88' lang='lat' dir='ltr'>animum</span> <span class='ocrx_word' id='word_1_95' title='bbox 641 1193 881 1248; x_wconf 72' lang='lat' dir='ltr'>proposito,</span> <span class='ocrx_word' id='word_1_96' title='bbox 928 1193 1273 1234; x_wconf 89' lang='lat' dir='ltr'>obstinationem</span> <span class='ocrx_word' id='word_1_97' title='bbox 1317 1192 1450 1234; x_wconf 89' lang='lat' dir='ltr'>saluti</span> <span class='ocrx_word' id='word_1_98' title='bbox 1494 1192 1806 1248; x_wconf 84' lang='lat' dir='ltr'>praeferamus.</span> 
     </span>
     <span class='ocr_line' id='line_1_15' title="bbox 236 1268 1805 1324; baseline 0 -14"><span class='ocrx_word' id='word_1_99' title='bbox 236 1268 366 1310; x_wconf 85' lang='lat' dir='ltr'>Datis</span> <span class='ocrx_word' id='word_1_100' title='bbox 389 1268 555 1310; x_wconf 90' lang='lat' dir='ltr'>scilicet</span> <span class='ocrx_word' id='word_1_101' title='bbox 578 1268 821 1319; x_wconf 84' lang='lat' dir='ltr'>consilium,</span> <span class='ocrx_word' id='word_1_102' title='bbox 849 1283 936 1324; x_wconf 92' lang='lat' dir='ltr'>quo</span> <span class='ocrx_word' id='word_1_103' title='bbox 961 1268 1087 1310; x_wconf 90' lang='lat' dir='ltr'>uobis</span> <span class='ocrx_word' id='word_1_104' title='bbox 1111 1268 1373 1318; x_wconf 81' lang='lat' dir='ltr'>abutamur3</span> <span class='ocrx_word' id='word_1_105' title='bbox 1415 1268 1491 1310; x_wconf 90' lang='lat' dir='ltr'>sed</span> <span class='ocrx_word' id='word_1_106' title='bbox 1515 1269 1805 1324; x_wconf 82' lang='lat' dir='ltr'>agnoscimus,</span> 
     </span>
     <span class='ocr_line' id='line_1_16' title="bbox 236 1333 1807 1401; baseline -0.001 -14"><span class='ocrx_word' id='word_1_107' title='bbox 236 1345 353 1387; x_wconf 86' lang='lat' dir='ltr'>unde</span> <span class='ocrx_word' id='word_1_108' title='bbox 389 1345 496 1387; x_wconf 85' lang='lat' dir='ltr'>talia</span> <span class='ocrx_word' id='word_1_109' title='bbox 532 1351 836 1401; x_wconf 84' lang='lat' dir='ltr'>suggerantur,</span> <span class='ocrx_word' id='word_1_110' title='bbox 876 1345 973 1400; x_wconf 88' lang='lat' dir='ltr'>quis</span> <span class='ocrx_word' id='word_1_111' title='bbox 1010 1333 1157 1386; x_wconf 85' lang='lat' dir='ltr'>totum</span> <span class='ocrx_word' id='word_1_112' title='bbox 1195 1345 1276 1386; x_wconf 90' lang='lat' dir='ltr'>hoc</span> <span class='ocrx_word' id='word_1_113' title='bbox 1313 1345 1464 1400; x_wconf 84' lang='lat' dir='ltr'>agitet,</span> <span class='ocrx_word' id='word_1_114' title='bbox 1504 1350 1549 1386; x_wconf 91' lang='lat' dir='ltr'>et</span> <span class='ocrx_word' id='word_1_115' title='bbox 1585 1345 1807 1400; x_wconf 90' lang='lat' dir='ltr'>quomodo</span> 
     </span>
     <span class='ocr_line' id='line_1_17' title="bbox 235 1421 1807 1464; baseline 0 -1"><span class='ocrx_word' id='word_1_116' title='bbox 235 1436 352 1463; x_wconf 90' lang='lat' dir='ltr'>nunc</span> <span class='ocrx_word' id='word_1_117' title='bbox 383 1423 549 1464; x_wconf 89' lang='lat' dir='ltr'>astutia</span> <span class='ocrx_word' id='word_1_118' title='bbox 580 1422 795 1464; x_wconf 87' lang='lat' dir='ltr'>suadendi</span> <span class='ocrx_word' id='word_1_119' title='bbox 825 1436 943 1463; x_wconf 87' lang='grc'>1111110</span> <span class='ocrx_word' id='word_1_120' title='bbox 973 1421 1137 1463; x_wconf 87' lang='lat' dir='ltr'>duritia</span> <span class='ocrx_word' id='word_1_121' title='bbox 1167 1422 1391 1463; x_wconf 90' lang='lat' dir='ltr'>saeuiendi</span> <span class='ocrx_word' id='word_1_122' title='bbox 1422 1421 1478 1463; x_wconf 89' lang='lat' dir='ltr'>ad</span> <span class='ocrx_word' id='word_1_123' title='bbox 1509 1422 1807 1463; x_wconf 89' lang='lat' dir='ltr'>constantiam</span> 
     </span>
     <span class='ocr_line' id='line_1_18' title="bbox 235 1486 1808 1553; baseline 0.001 -14"><span class='ocrx_word' id='word_1_124' title='bbox 235 1504 434 1540; x_wconf 87' lang='lat' dir='ltr'>nostram</span> <span class='ocrx_word' id='word_1_125' title='bbox 452 1498 727 1540; x_wconf 79' lang='lat' dir='ltr'>deiciendam</span> <span class='ocrx_word' id='word_1_126' title='bbox 744 1503 961 1553; x_wconf 83' lang='lat' dir='ltr'>operetur.</span> <span class='ocrx_word' id='word_1_127' title='bbox 991 1486 998 1497; x_wconf 85' lang='lat'><em>.</em></span> <span class='ocrx_word' id='word_1_128' title='bbox 1024 1498 1103 1539; x_wconf 90' lang='lat' dir='ltr'>Ille</span> <span class='ocrx_word' id='word_1_129' title='bbox 1119 1498 1284 1539; x_wconf 90' lang='lat' dir='ltr'>scilicet</span> <span class='ocrx_word' id='word_1_130' title='bbox 1300 1498 1480 1553; x_wconf 90' lang='lat' dir='ltr'>spiritus</span> <span class='ocrx_word' id='word_1_131' title='bbox 1498 1498 1808 1540; x_wconf 86' lang='lat' dir='ltr'>daemoniacae</span> 
     </span>
     <span class='ocr_line' id='line_1_19' title="bbox 238 1574 1806 1630; baseline 0.001 -15"><span class='ocrx_word' id='word_1_132' title='bbox 238 1580 282 1616; x_wconf 92' lang='lat' dir='ltr'>et</span> <span class='ocrx_word' id='word_1_133' title='bbox 307 1575 527 1630; x_wconf 85' lang='lat' dir='ltr'>angelicae</span> <span class='ocrx_word' id='word_1_134' title='bbox 552 1580 802 1630; x_wconf 83' lang='lat' dir='ltr'>paraturae,</span> <span class='ocrx_word' id='word_1_135' title='bbox 831 1575 906 1630; x_wconf 92' lang='lat' dir='ltr'>qui</span> <span class='ocrx_word' id='word_1_136' title='bbox 931 1580 1081 1616; x_wconf 90' lang='lat' dir='ltr'>noster</span> <span class='ocrx_word' id='word_1_137' title='bbox 1106 1575 1161 1616; x_wconf 92' lang='lat' dir='ltr'>ob</span> <span class='ocrx_word' id='word_1_138' title='bbox 1189 1575 1431 1616; x_wconf 87' lang='lat' dir='ltr'>diuortium</span> <span class='ocrx_word' id='word_1_139' title='bbox 1457 1575 1656 1616; x_wconf 86' lang='lat' dir='ltr'>aemulus</span> <span class='ocrx_word' id='word_1_140' title='bbox 1682 1580 1726 1617; x_wconf 90' lang='lat' dir='ltr'>et</span> <span class='ocrx_word' id='word_1_141' title='bbox 1751 1574 1806 1616; x_wconf 91' lang='lat' dir='ltr'>ob</span> 
     </span>
     <span class='ocr_line' id='line_1_20' title="bbox 237 1650 1808 1706; baseline 0.001 -14"><span class='ocrx_word' id='word_1_142' title='bbox 237 1650 306 1692; x_wconf 89' lang='lat' dir='ltr'>dei</span> <span class='ocrx_word' id='word_1_143' title='bbox 328 1652 516 1706; x_wconf 86' lang='lat' dir='ltr'>gratiam</span> <span class='ocrx_word' id='word_1_144' title='bbox 537 1651 715 1693; x_wconf 90' lang='lat' dir='ltr'>inuidus</span> <span class='ocrx_word' id='word_1_145' title='bbox 737 1651 791 1693; x_wconf 93' lang='lat' dir='ltr'>de</span> <span class='ocrx_word' id='word_1_146' title='bbox 812 1651 1036 1693; x_wconf 90' lang='lat' dir='ltr'>mentibus</span> <span class='ocrx_word' id='word_1_147' title='bbox 1057 1651 1215 1692; x_wconf 87' lang='lat' dir='ltr'>uestris</span> <span class='ocrx_word' id='word_1_148' title='bbox 1236 1651 1447 1692; x_wconf 90' lang='lat' dir='ltr'>aduersus</span> <span class='ocrx_word' id='word_1_149' title='bbox 1469 1666 1547 1692; x_wconf 91' lang='lat' dir='ltr'>nos</span> <span class='ocrx_word' id='word_1_150' title='bbox 1569 1651 1808 1706; x_wconf 90' lang='lat' dir='ltr'>proeliatur</span> 
     </span>
     <span class='ocr_line' id='line_1_21' title="bbox 237 1726 1807 1782; baseline 0 -15"><span class='ocrx_word' id='word_1_151' title='bbox 237 1727 410 1768; x_wconf 90' lang='lat' dir='ltr'>occulta</span> <span class='ocrx_word' id='word_1_152' title='bbox 439 1727 727 1782; x_wconf 85' lang='lat' dir='ltr'>inspiratione</span> <span class='ocrx_word' id='word_1_153' title='bbox 756 1727 996 1768; x_wconf 90' lang='lat' dir='ltr'>modulatis</span> <span class='ocrx_word' id='word_1_154' title='bbox 1026 1732 1070 1768; x_wconf 93' lang='lat' dir='ltr'>et</span> <span class='ocrx_word' id='word_1_155' title='bbox 1099 1726 1350 1768; x_wconf 89' lang='lat' dir='ltr'>subornatis</span> <span class='ocrx_word' id='word_1_156' title='bbox 1380 1726 1437 1767; x_wconf 91' lang='lat' dir='ltr'>ad</span> <span class='ocrx_word' id='word_1_157' title='bbox 1467 1741 1643 1767; x_wconf 90' lang='lat' dir='ltr'>omnem</span> <span class='ocrx_word' id='word_1_158' title='bbox 1673 1741 1807 1781; x_wconf 91' lang='lat' dir='ltr'>quam</span> 
     </span>
     <span class='ocr_line' id='line_1_22' title="bbox 235 1802 1808 1857; baseline -0.001 -13"><span class='ocrx_word' id='word_1_159' title='bbox 235 1802 281 1843; x_wconf 89' lang='grc'>111</span> <span class='ocrx_word' id='word_1_160' title='bbox 296 1803 534 1857; x_wconf 87' lang='lat' dir='ltr'>primordio</span> <span class='ocrx_word' id='word_1_161' title='bbox 551 1803 692 1844; x_wconf 81' lang='lat' dir='ltr'>exorsi</span> <span class='ocrx_word' id='word_1_162' title='bbox 707 1818 859 1844; x_wconf 90' lang='lat' dir='ltr'>sumus</span> <span class='ocrx_word' id='word_1_163' title='bbox 874 1808 918 1844; x_wconf 90' lang='lat' dir='ltr'>et</span> <span class='ocrx_word' id='word_1_164' title='bbox 932 1802 1156 1844; x_wconf 86' lang='lat' dir='ltr'>iudicandi</span> <span class='ocrx_word' id='word_1_165' title='bbox 1172 1803 1506 1857; x_wconf 87' lang='lat' dir='ltr'>peruersitatem</span> <span class='ocrx_word' id='word_1_166' title='bbox 1523 1808 1568 1844; x_wconf 90' lang='lat' dir='ltr'>et</span> <span class='ocrx_word' id='word_1_167' title='bbox 1584 1802 1808 1844; x_wconf 90' lang='lat' dir='ltr'>saeuiendi</span> 
     </span>
     <span class='ocr_line' id='line_1_23' title="bbox 236 1877 1808 1932; baseline 0 -14"><span class='ocrx_word' id='word_1_168' title='bbox 236 1877 533 1932; x_wconf 87' lang='lat' dir='ltr'>iniquitatem.</span> <span class='ocrx_word' id='word_1_169' title='bbox 596 1878 712 1920; x_wconf 87' lang='lat' dir='ltr'>Nam</span> <span class='ocrx_word' id='word_1_170' title='bbox 738 1879 840 1920; x_wconf 90' lang='lat' dir='ltr'>licet</span> <span class='ocrx_word' id='word_1_171' title='bbox 865 1878 1063 1920; x_wconf 90' lang='lat' dir='ltr'>subiecta</span> <span class='ocrx_word' id='word_1_172' title='bbox 1089 1879 1147 1919; x_wconf 90' lang='lat' dir='ltr'>sit</span> <span class='ocrx_word' id='word_1_173' title='bbox 1172 1878 1298 1920; x_wconf 91' lang='lat' dir='ltr'>nobis</span> <span class='ocrx_word' id='word_1_174' title='bbox 1325 1883 1421 1919; x_wconf 89' lang='lat' dir='ltr'>tota</span> <span class='ocrx_word' id='word_1_175' title='bbox 1448 1878 1515 1919; x_wconf 90' lang='lat' dir='ltr'>uis</span> <span class='ocrx_word' id='word_1_176' title='bbox 1540 1878 1808 1919; x_wconf 90' lang='lat' dir='ltr'>daemonum</span> 
     </span>
     <span class='ocr_line' id='line_1_24' title="bbox 239 1953 1808 2009; baseline -0.001 -14"><span class='ocrx_word' id='word_1_177' title='bbox 239 1959 283 1994; x_wconf 88' lang='lat' dir='ltr'>et</span> <span class='ocrx_word' id='word_1_178' title='bbox 315 1953 528 1995; x_wconf 88' lang='lat' dir='ltr'>eiusmodi</span> <span class='ocrx_word' id='word_1_179' title='bbox 558 1954 807 2009; x_wconf 82' lang='lat' dir='ltr'>spirituum,</span> <span class='ocrx_word' id='word_1_180' title='bbox 842 1960 893 1995; x_wconf 92' lang='lat' dir='ltr'>ut</span> <span class='ocrx_word' id='word_1_181' title='bbox 923 1968 1114 2009; x_wconf 89' lang='lat' dir='ltr'>nequam</span> <span class='ocrx_word' id='word_1_182' title='bbox 1146 1959 1297 1995; x_wconf 90' lang='lat' dir='ltr'>tamen</span> <span class='ocrx_word' id='word_1_183' title='bbox 1329 1959 1373 1995; x_wconf 91' lang='lat' dir='ltr'>et</span> <span class='ocrx_word' id='word_1_184' title='bbox 1404 1954 1517 1995; x_wconf 90' lang='lat' dir='ltr'>serui</span> <span class='ocrx_word' id='word_1_185' title='bbox 1549 1958 1672 1995; x_wconf 90' lang='lat' dir='ltr'>metu</span> <span class='ocrx_word' id='word_1_186' title='bbox 1702 1968 1808 1995; x_wconf 91' lang='lat' dir='ltr'>non-</span> 
     </span>
     <span class='ocr_line' id='line_1_25' title="bbox 238 2029 1808 2085; baseline 0.001 -16"><span class='ocrx_word' id='word_1_187' title='bbox 238 2044 468 2084; x_wconf 87' lang='lat' dir='ltr'>nunquam</span> <span class='ocrx_word' id='word_1_188' title='bbox 495 2030 821 2071; x_wconf 89' lang='lat' dir='ltr'>contumaciam</span> <span class='ocrx_word' id='word_1_189' title='bbox 848 2030 1047 2079; x_wconf 76' lang='lat' dir='ltr'>miscent,</span> <span class='ocrx_word' id='word_1_190' title='bbox 1076 2035 1121 2071; x_wconf 88' lang='lat' dir='ltr'>et</span> <span class='ocrx_word' id='word_1_191' title='bbox 1145 2029 1316 2070; x_wconf 89' lang='lat' dir='ltr'>laedere</span> <span class='ocrx_word' id='word_1_192' title='bbox 1342 2030 1539 2085; x_wconf 88' lang='lat' dir='ltr'>gestiunt</span> <span class='ocrx_word' id='word_1_193' title='bbox 1565 2044 1675 2084; x_wconf 89' lang='lat' dir='ltr'>quos</span> <span class='ocrx_word' id='word_1_194' title='bbox 1701 2029 1808 2070; x_wconf 88' lang='lat' dir='ltr'>alias</span> 
     </span>
     <span class='ocr_line' id='line_1_26' title="bbox 238 2105 1810 2160; baseline 0.001 -15"><span class='ocrx_word' id='word_1_195' title='bbox 238 2111 459 2147; x_wconf 88' lang='lat' dir='ltr'>uerentur.</span> <span class='ocrx_word' id='word_1_196' title='bbox 524 2105 684 2147; x_wconf 88' lang='lat' dir='ltr'>Odium</span> <span class='ocrx_word' id='word_1_197' title='bbox 719 2106 834 2146; x_wconf 90' lang='lat' dir='ltr'>enim</span> <span class='ocrx_word' id='word_1_198' title='bbox 869 2105 1002 2146; x_wconf 90' lang='lat' dir='ltr'>etiam</span> <span class='ocrx_word' id='word_1_199' title='bbox 1036 2105 1168 2146; x_wconf 92' lang='lat' dir='ltr'>timor</span> <span class='ocrx_word' id='word_1_200' title='bbox 1200 2106 1352 2160; x_wconf 87' lang='lat' dir='ltr'>spirat.</span> <span class='ocrx_word' id='word_1_201' title='bbox 1415 2106 1731 2160; x_wconf 90' lang='lat' dir='ltr'>Praeterquam</span> <span class='ocrx_word' id='word_1_202' title='bbox 1765 2110 1810 2147; x_wconf 91' lang='lat' dir='ltr'>et</span> 
     </span>
     <span class='ocr_line' id='line_1_27' title="bbox 239 2181 1809 2236; baseline 0 -14"><span class='ocrx_word' id='word_1_203' title='bbox 239 2181 471 2236; x_wconf 87' lang='lat' dir='ltr'>desperata</span> <span class='ocrx_word' id='word_1_204' title='bbox 498 2181 695 2223; x_wconf 87' lang='lat' dir='ltr'>condicio</span> <span class='ocrx_word' id='word_1_205' title='bbox 721 2197 871 2223; x_wconf 88' lang='lat' dir='ltr'>eorum</span> <span class='ocrx_word' id='word_1_206' title='bbox 899 2196 951 2222; x_wconf 80' lang='lat' dir='ltr'>ex</span> <span class='ocrx_word' id='word_1_207' title='bbox 977 2182 1371 2236; x_wconf 88' lang='lat' dir='ltr'>praedamnatione</span> <span class='ocrx_word' id='word_1_208' title='bbox 1396 2182 1603 2223; x_wconf 90' lang='lat' dir='ltr'>solatium</span> <span class='ocrx_word' id='word_1_209' title='bbox 1629 2186 1809 2236; x_wconf 90' lang='lat' dir='ltr'>reputat</span> 
     </span>
     <span class='ocr_line' id='line_1_28' title="bbox 240 2257 1809 2313; baseline 0.001 -16"><span class='ocrx_word' id='word_1_210' title='bbox 240 2257 451 2298; x_wconf 79' lang='lat' dir='ltr'>fruendae</span> <span class='ocrx_word' id='word_1_211' title='bbox 494 2257 671 2298; x_wconf 90' lang='lat' dir='ltr'>interim</span> <span class='ocrx_word' id='word_1_212' title='bbox 716 2258 1004 2313; x_wconf 86' lang='lat' dir='ltr'>malignitatis</span> <span class='ocrx_word' id='word_1_213' title='bbox 1049 2257 1102 2298; x_wconf 92' lang='lat' dir='ltr'>de</span> <span class='ocrx_word' id='word_1_214' title='bbox 1146 2272 1313 2312; x_wconf 89' lang='lat' dir='ltr'>poenae</span> <span class='ocrx_word' id='word_1_215' title='bbox 1358 2272 1492 2298; x_wconf 91' lang='lat' dir='ltr'>mora.</span> <span class='ocrx_word' id='word_1_216' title='bbox 1555 2258 1615 2298; x_wconf 92' lang='lat' dir='ltr'>Et</span> <span class='ocrx_word' id='word_1_217' title='bbox 1659 2262 1809 2298; x_wconf 90' lang='lat' dir='ltr'>tamen</span> 
     </span>
     <span class='ocr_line' id='line_1_29' title="bbox 239 2332 1808 2389; baseline 0.001 -16"><span class='ocrx_word' id='word_1_218' title='bbox 239 2332 500 2387; x_wconf 87' lang='lat' dir='ltr'>adprehensi</span> <span class='ocrx_word' id='word_1_219' title='bbox 524 2333 789 2389; x_wconf 88' lang='lat' dir='ltr'>subiguntur</span> <span class='ocrx_word' id='word_1_220' title='bbox 813 2339 857 2375; x_wconf 92' lang='lat' dir='ltr'>et</span> <span class='ocrx_word' id='word_1_221' title='bbox 881 2333 1126 2374; x_wconf 87' lang='lat' dir='ltr'>condicioni</span> <span class='ocrx_word' id='word_1_222' title='bbox 1151 2347 1255 2374; x_wconf 88' lang='lat' dir='ltr'>suae</span> <span class='ocrx_word' id='word_1_223' title='bbox 1279 2333 1525 2383; x_wconf 83' lang='lat' dir='ltr'>succidunt,</span> <span class='ocrx_word' id='word_1_224' title='bbox 1553 2338 1597 2374; x_wconf 90' lang='lat' dir='ltr'>et</span> <span class='ocrx_word' id='word_1_225' title='bbox 1621 2348 1731 2387; x_wconf 90' lang='lat' dir='ltr'>quos</span> <span class='ocrx_word' id='word_1_226' title='bbox 1754 2332 1808 2374; x_wconf 93' lang='lat' dir='ltr'>de</span> 
     </span>
     <span class='ocr_line' id='line_1_30' title="bbox 240 2408 1809 2464; baseline 0 -15"><span class='ocrx_word' id='word_1_227' title='bbox 240 2408 478 2463; x_wconf 89' lang='lat' dir='ltr'>longinquo</span> <span class='ocrx_word' id='word_1_228' title='bbox 501 2415 775 2464; x_wconf 86' lang='lat' dir='ltr'>oppugnant,</span> <span class='ocrx_word' id='word_1_229' title='bbox 801 2409 855 2450; x_wconf 92' lang='lat' dir='ltr'>de</span> <span class='ocrx_word' id='word_1_230' title='bbox 877 2409 1077 2464; x_wconf 84' lang='lat' dir='ltr'>proximo</span> <span class='ocrx_word' id='word_1_231' title='bbox 1100 2408 1346 2450; x_wconf 86' lang='lat' dir='ltr'>obsecrant.</span> <span class='ocrx_word' id='word_1_232' title='bbox 1408 2409 1567 2463; x_wconf 90' lang='lat' dir='ltr'>Itaque</span> <span class='ocrx_word' id='word_1_233' title='bbox 1591 2423 1691 2450; x_wconf 89' lang='lat' dir='ltr'>cum</span> <span class='ocrx_word' id='word_1_234' title='bbox 1714 2409 1809 2449; x_wconf 90' lang='lat' dir='ltr'>uice</span> 
     </span>
     <span class='ocr_line' id='line_1_31' title="bbox 240 2483 1807 2542; baseline 0 -18"><span class='ocrx_word' id='word_1_235' title='bbox 240 2484 547 2525; x_wconf 88' lang='lat' dir='ltr'>rebellantium</span> <span class='ocrx_word' id='word_1_236' title='bbox 583 2485 901 2539; x_wconf 88' lang='lat' dir='ltr'>ergastulorum</span> <span class='ocrx_word' id='word_1_237' title='bbox 936 2485 1027 2525; x_wconf 89' lang='lat' dir='ltr'>siue</span> <span class='ocrx_word' id='word_1_238' title='bbox 1062 2498 1284 2542; x_wconf 88' lang='lat' dir='ltr'>carcerum</span> <span class='ocrx_word' id='word_1_239' title='bbox 1319 2484 1388 2525; x_wconf 94' lang='lat' dir='ltr'>uel</span> <span class='ocrx_word' id='word_1_240' title='bbox 1423 2484 1701 2525; x_wconf 87' lang='lat' dir='ltr'>metallorum</span> <span class='ocrx_word' id='word_1_241' title='bbox 1739 2483 1807 2525; x_wconf 91' lang='lat' dir='ltr'>uel</span> 
     </span>
     <span class='ocr_line' id='line_1_32' title="bbox 241 2560 1808 2615; baseline 0 -15"><span class='ocrx_word' id='word_1_242' title='bbox 241 2560 322 2601; x_wconf 89' lang='lat' dir='ltr'>hoc</span> <span class='ocrx_word' id='word_1_243' title='bbox 341 2574 476 2614; x_wconf 88' lang='lat' dir='ltr'>genus</span> <span class='ocrx_word' id='word_1_244' title='bbox 495 2561 690 2615; x_wconf 89' lang='lat' dir='ltr'>poenalis</span> <span class='ocrx_word' id='word_1_245' title='bbox 708 2561 935 2602; x_wconf 89' lang='lat' dir='ltr'>seruitutis</span> <span class='ocrx_word' id='word_1_246' title='bbox 955 2565 1193 2615; x_wconf 89' lang='lat' dir='ltr'>erumpunt</span> <span class='ocrx_word' id='word_1_247' title='bbox 1211 2560 1421 2601; x_wconf 89' lang='lat' dir='ltr'>aduersus</span> <span class='ocrx_word' id='word_1_248' title='bbox 1441 2574 1532 2609; x_wconf 88' lang='lat' dir='ltr'>nos,</span> <span class='ocrx_word' id='word_1_249' title='bbox 1554 2560 1599 2600; x_wconf 90' lang='grc'>111</span> <span class='ocrx_word' id='word_1_250' title='bbox 1619 2574 1808 2614; x_wconf 89' lang='lat' dir='ltr'>quorum</span> 
     </span>
     <span class='ocr_line' id='line_1_33' title="bbox 241 2634 1806 2691; baseline -0.001 -14"><span class='ocrx_word' id='word_1_251' title='bbox 241 2641 464 2690; x_wconf 88' lang='lat' dir='ltr'>potestate</span> <span class='ocrx_word' id='word_1_252' title='bbox 493 2642 609 2686; x_wconf 88' lang='lat' dir='ltr'>sunt,</span> <span class='ocrx_word' id='word_1_253' title='bbox 642 2637 748 2678; x_wconf 87' lang='lat' dir='ltr'>certi</span> <span class='ocrx_word' id='word_1_254' title='bbox 778 2642 822 2677; x_wconf 91' lang='lat' dir='ltr'>et</span> <span class='ocrx_word' id='word_1_255' title='bbox 850 2637 1024 2691; x_wconf 84' lang='lat' dir='ltr'>inpares</span> <span class='ocrx_word' id='word_1_256' title='bbox 1052 2650 1097 2677; x_wconf 91' lang='lat' dir='ltr'>se</span> <span class='ocrx_word' id='word_1_257' title='bbox 1127 2650 1218 2677; x_wconf 89' lang='lat' dir='ltr'>esse</span> <span class='ocrx_word' id='word_1_258' title='bbox 1247 2640 1291 2677; x_wconf 92' lang='lat' dir='ltr'>et</span> <span class='ocrx_word' id='word_1_259' title='bbox 1319 2635 1401 2676; x_wconf 90' lang='lat' dir='ltr'>hoc</span> <span class='ocrx_word' id='word_1_260' title='bbox 1431 2635 1569 2690; x_wconf 88' lang='lat' dir='ltr'>magis</span> <span class='ocrx_word' id='word_1_261' title='bbox 1598 2634 1806 2690; x_wconf 88' lang='lat' dir='ltr'>perditos,</span> 
     </span>
     <span class='ocr_line' id='line_1_34' title="bbox 239 2711 1809 2767; baseline 0 -15"><span class='ocrx_word' id='word_1_262' title='bbox 239 2711 424 2766; x_wconf 86' lang='lat' dir='ltr'>ingratis</span> <span class='ocrx_word' id='word_1_263' title='bbox 448 2711 689 2753; x_wconf 91' lang='lat' dir='ltr'>resistimus</span> <span class='ocrx_word' id='word_1_264' title='bbox 715 2718 765 2753; x_wconf 89' lang='lat' dir='ltr'>ut</span> <span class='ocrx_word' id='word_1_265' title='bbox 790 2712 995 2767; x_wconf 86' lang='lat' dir='ltr'>aequales</span> <span class='ocrx_word' id='word_1_266' title='bbox 1020 2717 1064 2753; x_wconf 92' lang='lat' dir='ltr'>et</span> <span class='ocrx_word' id='word_1_267' title='bbox 1088 2725 1384 2767; x_wconf 89' lang='lat' dir='ltr'>repugnamus</span> <span class='ocrx_word' id='word_1_268' title='bbox 1410 2716 1740 2766; x_wconf 90' lang='lat' dir='ltr'>perseuerantes</span> <span class='ocrx_word' id='word_1_269' title='bbox 1763 2711 1809 2752; x_wconf 91' lang='lat' dir='ltr'>in</span> 
     </span>
     <span class='ocr_line' id='line_1_35' title="bbox 242 2786 1807 2843; baseline 0 -16"><span class='ocrx_word' id='word_1_270' title='bbox 242 2802 290 2829; x_wconf 90' lang='grc'>00</span> <span class='ocrx_word' id='word_1_271' title='bbox 327 2787 446 2842; x_wconf 87' lang='lat' dir='ltr'>quod</span> <span class='ocrx_word' id='word_1_272' title='bbox 481 2793 744 2843; x_wconf 87' lang='lat' dir='ltr'>oppugnant</span> <span class='ocrx_word' id='word_1_273' title='bbox 778 2793 822 2830; x_wconf 90' lang='lat' dir='ltr'>et</span> <span class='ocrx_word' id='word_1_274' title='bbox 856 2788 951 2829; x_wconf 88' lang='lat' dir='ltr'>illos</span> <span class='ocrx_word' id='word_1_275' title='bbox 986 2802 1215 2842; x_wconf 88' lang='lat' dir='ltr'>nunquam</span> <span class='ocrx_word' id='word_1_276' title='bbox 1250 2787 1388 2842; x_wconf 86' lang='lat' dir='ltr'>magis</span> <span class='ocrx_word' id='word_1_277' title='bbox 1424 2786 1807 2842; x_wconf 88' lang='lat' dir='ltr'>detriumphamus</span> 
     </span>
     <span class='ocr_line' id='line_1_36' title="bbox 243 2863 1384 2918; baseline -0.001 -14"><span class='ocrx_word' id='word_1_278' title='bbox 243 2878 376 2918; x_wconf 88' lang='lat' dir='ltr'>quam</span> <span class='ocrx_word' id='word_1_279' title='bbox 408 2877 508 2904; x_wconf 90' lang='lat' dir='ltr'>cum</span> <span class='ocrx_word' id='word_1_280' title='bbox 539 2878 617 2918; x_wconf 88' lang='lat' dir='ltr'>pro</span> <span class='ocrx_word' id='word_1_281' title='bbox 647 2863 748 2905; x_wconf 89' lang='lat' dir='ltr'>fidei</span> <span class='ocrx_word' id='word_1_282' title='bbox 779 2863 1078 2905; x_wconf 89' lang='lat' dir='ltr'>obstinatione</span> <span class='ocrx_word' id='word_1_283' title='bbox 1108 2863 1384 2905; x_wconf 89' lang='lat' dir='ltr'>damnamur.</span> 
     </span>
    </p>
   </div>
   <div class='ocr_carea' id='block_1_5' title="bbox 1830 987 1872 1010">
    <p class='ocr_par' dir='ltr' id='par_1_5' title="bbox 1830 987 1872 1010">
     <span class='ocr_line' id='line_1_37' title="bbox 1830 987 1872 1010; baseline 0 0"><span class='ocrx_word' id='word_1_284' title='bbox 1830 987 1872 1010; x_wconf 91' lang='lat'>10</span> 
     </span>
    </p>
   </div>
   <div class='ocr_carea' id='block_1_6' title="bbox 1831 1362 1871 1394">
    <p class='ocr_par' dir='ltr' id='par_1_6' title="bbox 1831 1362 1871 1394">
     <span class='ocr_line' id='line_1_38' title="bbox 1831 1362 1871 1394; baseline 0 0"><span class='ocrx_word' id='word_1_285' title='bbox 1831 1362 1871 1394; x_wconf 86' lang='lat'>15</span> 
     </span>
    </p>
   </div>
   <div class='ocr_carea' id='block_1_7' title="bbox 1830 2506 1874 2538">
    <p class='ocr_par' dir='ltr' id='par_1_7' title="bbox 1830 2506 1874 2538">
     <span class='ocr_line' id='line_1_39' title="bbox 1830 2506 1874 2538; baseline 0 -10"><span class='ocrx_word' id='word_1_286' title='bbox 1830 2506 1874 2538; x_wconf 85' lang='lat'>30</span> 
     </span>
    </p>
   </div>
   <div class='ocr_carea' id='block_1_8' title="bbox 1828 2883 1873 2917">
    <p class='ocr_par' dir='ltr' id='par_1_8' title="bbox 1828 2883 1873 2917">
     <span class='ocr_line' id='line_1_40' title="bbox 1828 2883 1873 2917; baseline -0.044 0"><span class='ocrx_word' id='word_1_287' title='bbox 1828 2883 1873 2917; x_wconf 88' lang='lat'>35</span> 
     </span>
    </p>
   </div>
  </div>
 </body>
</html>
