1975 3306
106 151 149 192 p.
174 140 199 178 4
222 138 248 179 1.
276 138 345 191 33]
646 135 1090 179 APOLOGETIOVS
1127 139 1145 176 1
1595 133 1674 173 153

195 268 235 309 p.
268 255 294 294 4
327 253 350 294 l.
387 254 440 294 13
474 263 765 293 DIGNITATEM
798 258 874 292 not
902 251 1003 306 only
1026 250 1100 292 the
1131 249 1321 291 lowborn
1353 248 1439 289 and
1471 247 1675 303 ignorant

106 323 283 364 became
308 322 556 365 Christiane
580 323 718 363 Blunt
742 321 881 377 Right
903 321 995 362 Use
1018 336 1094 362 ser.
1120 323 1143 361 2
1169 320 1262 361 leot.
1288 321 1311 359 2
1335 334 1405 375 pp.
1430 319 1673 359 294—317.

108 393 272 441 Renan,
295 392 580 435 l'Antechrist
603 395 628 434 3
652 391 913 447 (Pomponia
935 391 1180 433 Graecina).
1244 389 1362 445 Orig.
1387 403 1419 430 c,
1443 387 1555 430 Cels.
1574 399 1628 428 111
1648 389 1672 428 9

105 477 146 519 p.
176 462 257 504 117
287 478 348 519 pr.
379 467 453 506 νῦν
480 462 560 518 μὲν
593 463 668 505 οὖν
701 461 833 518 τάχα,
857 461 930 504 ὅτε
964 460 1035 503 διὰ
1068 460 1117 503 τὸ
1153 460 1329 512 πλῆθος
1361 461 1449 500 τῶν
1481 474 1672 512 προσερ-

107 532 308 589 χομένων
330 536 392 590 τῷ
419 533 540 589 λόγῳ
564 532 640 575 καὶ
670 531 888 575 πλούσιοι
915 530 991 574 καί
1020 548 1132 575 τινες
1163 533 1249 572 τῶν
1276 530 1319 571 ἐν
1350 528 1576 583 ἀξιώμασι
1598 527 1673 569 καὶ
1693 547 1712 577 5

103 606 265 656 *yvva‘ia
294 602 349 645 τὰ
382 602 504 657 ἁβρὰ
534 602 610 645 καὶ
641 603 793 657 εὐνγενῆ
827 600 1131 656 ἀποδέχονται
1164 599 1262 644 τοὺς
1296 597 1386 641 ἀπὸ
1420 600 1498 639 τοῦ
1526 596 1674 650 λόγου,

105 672 322 726 τολμήσει
346 690 412 718 τις
432 672 582 726 λένγειν
601 671 670 713 διὰ
694 670 743 713 τὸ
763 670 968 726 δοξάριον
985 668 1301 726 προΐστασθαί
1318 685 1438 712 τινας
1458 671 1536 720 τῆς
1558 666 1673 708 κατὰ

104 741 407 798 Χριστιανοὺς
431 740 737 786 διδασκαλίας.
792 753 846 781 ΙΙΙ
872 743 924 781 12
948 755 986 796 p.
1006 756 1060 781 m.
1080 739 1193 781 οὕτω
1217 738 1374 788 τοίνυν,
1393 737 1489 779 ἐπεὶ
1513 735 1673 788 σεμνόν

105 830 148 853 τι
171 811 310 865 ἐφάνη
334 814 426 856 τοῖς
453 811 708 866 ἀνθρώποις
737 809 1108 866 Χριστιανισμός,
1132 809 1182 851 οὐ
1203 807 1349 863 μόνον,
1373 808 1428 853 ὡς
1451 805 1472 849 ὁ
1496 805 1673 852 Κέλσος

105 881 256 931 οἴεται,
289 884 378 927 τοῖς
408 879 912 938 ἀνδραποδωδέστέροις,
946 877 1069 922 αλλὰ
1104 878 1178 920 καὶ
1216 881 1405 923 πολλοῖς
1439 879 1528 919 τῶν
1564 875 1671 929 παρ’
1694 901 1737 923 10

91 950 298 1003 ’Ἕλλησι
346 950 616 1007 φιλολόγων,
660 950 914 1005 ἀναγκαίως
958 949 1239 1001 ὑπέστησαν,
1282 949 1332 990 οὐ
1379 949 1559 991 πάντως
1601 944 1671 987 διὰ

105 1022 291 1066 στάσεις
325 1022 400 1064 καὶ
434 1020 483 1063 τὸ
523 1021 790 1077 φιλόνεικον,
823 1019 1029 1075 αἱρέσεις,
1064 1017 1184 1060 ἀλλὰ
1218 1016 1288 1060 διὰ
1321 1016 1370 1059 τὸ
1404 1015 1673 1068 σπουδάζειν

104 1090 303 1133 συνιέναι
324 1090 380 1133 τὰ
404 1092 764 1147 Χριστιανισμοῦ
787 1089 860 1131 καὶ
883 1092 971 1131 τῶν
995 1087 1255 1142 φιλολόγων
1277 1086 1501 1129 πλείονας.
1564 1086 1614 1127 Cf.
1639 1100 1672 1126 C.

103 1161 290 1203 44—71.
353 1173 422 1202 VII
458 1163 512 1202 54
542 1162 568 1203 f.
603 1161 671 1215 (of
697 1161 773 1202 the
806 1160 943 1202 words
975 1160 1023 1201 of
1048 1160 1200 1211 Jesus)
1238 1157 1418 1211 δυνάμει
1454 1156 1674 1212 λελέχθαι

106 1231 215 1289 θείᾳ,
251 1230 386 1288 μέχρι
422 1230 547 1286 δεῦρο
583 1229 940 1286 ἐπιστρέφοντας
974 1230 1024 1271 οὐ
1062 1229 1151 1271 τῶν
1189 1226 1514 1283 ἁπλουστέρων
1551 1224 1673 1271 τινὰς
1695 1250 1735 1280 15

102 1300 247 1355 μόνον,
271 1300 393 1342 ἀλλὰ
416 1301 490 1343 καὶ
513 1299 716 1346 πολλοὺς
738 1301 827 1342 τῶν
850 1297 1169 1354 συνετωτέρων.
1232 1297 1375 1339 Rufin.
1399 1297 1439 1339 h.
1462 1311 1496 1338 e.
1520 1308 1550 1337 V
1574 1298 1641 1338 21.

193 1386 232 1427 p.
262 1373 289 1412 4
322 1372 346 1413 l.
379 1371 429 1412 17
466 1382 629 1412 AMANT
662 1381 901 1412 IGNORARE
934 1368 1167 1425 ignorance
1199 1369 1247 1409 of
1274 1367 1482 1410 Crescens
1516 1366 1673 1408 Iustin.

104 1441 214 1497 apol.
238 1453 274 1482 ΙΙ
297 1442 334 1482 3.
398 1440 599 1482 Demand
624 1441 687 1481 for
709 1439 895 1495 enquiry
916 1438 973 1481 id.
997 1439 1106 1494 apol.
1131 1450 1146 1479 Ι
1170 1440 1207 1480 3.

193 1525 232 1567 p.
268 1512 295 1551 4
329 1511 353 1552 l.
389 1513 441 1553 19
481 1521 811 1551 IMPRVDENTES
848 1520 910 1550 DE
946 1519 1272 1550 PRVDENTIBVS
1305 1517 1586 1548 IVDICANTES
1618 1506 1673 1547 ad

104 1588 229 1622 mart.
257 1583 278 1621 1
304 1595 341 1636 p.
366 1582 392 1622 3
420 1595 494 1622 vieo
523 1585 668 1622 tantus
694 1594 765 1634 390
795 1594 901 1628 sum,
924 1585 970 1620 ut
1000 1593 1075 1620 uos
1106 1578 1315 1633 alloquar.
1378 1582 1673 1618 ‘zierzmitamen
1693 1597 1739 1619 20

104 1656 143 1691 et
172 1649 441 1704 yladiatores
465 1649 802 1705 perfectissimos
827 1663 912 1689 non
941 1653 1110 1689 tantum
1136 1645 1339 1701 mayistri
1370 1651 1408 1687 et
1433 1645 1675 1700 praepositi

104 1720 186 1770 sui,
208 1719 281 1761 sed
302 1720 432 1761 etiam
452 1719 612 1760 idiotae
628 1724 666 1760 et
681 1717 942 1773 superationi
958 1718 1110 1772 quique
1129 1716 1417 1758 (adhortantur
1438 1716 1489 1757 de
1512 1716 1675 1771 lonqin-

105 1806 200 1846 quo,
223 1796 270 1832 ut
290 1805 415 1846 saepe
437 1790 488 1832 de
509 1790 602 1845 ipso
619 1789 779 1844 populo
801 1788 966 1830 dictata
986 1794 1183 1843 suyyesta
1199 1786 1459 1843 profecerint.

194 1876 233 1916 p.
258 1863 284 1902 4
311 1861 336 1902 l.
362 1863 416 1902 20
444 1871 638 1901 MALVNT
665 1869 861 1900 NESCIRE
889 1864 969 1899 cet.
998 1858 1053 1898 ad
1079 1863 1168 1899 nat.
1192 1869 1207 1898 1
1233 1860 1253 1897 1
1280 1872 1318 1912 p.
1343 1858 1397 1898 59
1421 1856 1445 1898 l.
1471 1859 1523 1897 15
1548 1855 1674 1897 Wiss.

106 1932 269 1974 Minue.
309 1931 361 1973 27
397 1931 416 1988 ξ
451 1933 476 1972 8
508 1931 577 1983 (of
611 1931 811 1983 demens)
845 1930 905 1971 sic
940 1935 1146 1984 occupant
1180 1928 1347 1970 (mimos
1383 1933 1421 1969 et
1454 1927 1674 1969 obstruunt
1695 1947 1736 1977 25

100 2007 287 2057 pectora,
325 2007 370 2042 ut
407 2006 503 2042 ante
539 2015 612 2042 nos
644 2000 860 2055 incipiant
896 1999 1084 2040 homines
1121 1997 1257 2040 odisse
1291 2012 1421 2053 quam
1457 2012 1587 2046 nosse,
1623 2012 1674 2038 we

106 2071 292 2126 coquitos
323 2076 399 2111 αἰιύ
430 2070 604 2111 imitari
632 2070 796 2124 possint
828 2075 904 2111 aut
934 2069 1148 2110 damnare
1178 2083 1262 2109 mm
1288 2067 1466 2122 possint.

195 2157 235 2198 p.
273 2142 300 2181 4
337 2141 361 2181 1.
401 2142 454 2182 25
493 2151 579 2181 SED
623 2151 719 2181 NON
758 2151 881 2188 IDEO,
919 2150 1093 2187 INQVIT‚
1132 2149 1306 2187 BONVM,
1343 2149 1456 2186 QVIA
1493 2148 1674 2177 MVLTOS

107 2221 371 2252 CONVERTIT
392 2216 472 2251 eet.
496 2218 541 2251 to
571 2209 646 2250 the
674 2209 757 2250 end
785 2210 833 2250 of
855 2224 886 2250 e.
920 2211 955 2249 1.
1018 2208 1068 2249 cf.
1091 2207 1145 2248 ad
1168 2213 1255 2248 nat.
1280 2219 1294 2247 Ι
1320 2209 1341 2247 1
1367 2222 1407 2262 p.
1431 2208 1485 2248 59
1509 2207 1534 2247 l.
1559 2208 1673 2248 20—

107 2283 164 2322 60
187 2281 212 2322 l.
236 2282 301 2322 16.
1693 2294 1738 2324 30

197 2362 360 2400 INQVIT
387 2351 516 2406 ‘they
545 2351 644 2406 says
707 2365 738 2391 c.
763 2352 815 2391 31
850 2364 889 2405 p.
921 2351 976 2391 98
1009 2349 1033 2389 l.
1067 2350 1131 2390 19.
1201 2347 1300 2389 qu.
1330 2358 1384 2387 ΠΙ
1414 2348 1497 2387 153
1520 2361 1560 2387 n.
1583 2347 1672 2402 (pp.

110 2422 207 2469 198,
230 2420 345 2473 373).
410 2431 493 2460 XIV
519 2421 602 2460 153
625 2434 663 2460 n.
727 2418 889 2460 Arnob.
913 2430 928 2458 Ι
952 2420 990 2466 3,
1013 2419 1079 2458 34.
1145 2428 1198 2457 ΙΙΙ
1227 2418 1262 2457 6.
1328 2416 1589 2456 Biinemann
1619 2431 1674 2457 on

108 2490 227 2530 Lact.
252 2489 305 2530 de
327 2489 391 2530 ira
412 2488 496 2529 Dei
521 2490 573 2529 19
596 2486 615 2544 ξ
638 2488 674 2529 7.

197 2574 236 2615 p.
279 2560 306 2599 4
348 2559 372 2599 l.
415 2560 470 2600 33
516 2568 830 2598 DINVMERANT
872 2568 921 2597 IN
972 2566 1246 2596 SEMETIPSOS
1295 2565 1467 2595 MENTls
1516 2565 1673 2594 MALAE

111 2640 321 2678 1MPETVS,
343 2639 434 2668 VEL
466 2639 582 2668 FATo
614 2638 705 2667 VEL
737 2637 893 2667 ASTRIS
920 2635 1159 2666 IMPVTANT
1188 2623 1365 2665 “either
1386 2623 1493 2679 they
1514 2623 1591 2664 tell
1614 2638 1673 2679 up
1693 2639 1735 2670 35

109 2697 283 2753 against
314 2696 577 2738 themselves
609 2696 684 2737 the
717 2695 943 2736 outbursts
975 2694 1023 2734 of
1047 2709 1103 2734 an
1135 2693 1219 2734 evil
1252 2692 1385 2742 mind,
1412 2709 1459 2734 or
1487 2693 1545 2743 (if
1568 2693 1674 2748 they

73 2818 75 2821 ι
109 2782 266 2808 excuse
298 2767 581 2819 themselves)
610 2765 716 2820 they
743 2765 869 2805 make
899 2764 1016 2805 their
1046 2762 1221 2818 destiny
1257 2778 1304 2803 or
1335 2762 1453 2804 their
1485 2769 1576 2804 star
1608 2778 1673 2803 re-

109 2836 365 2893 sponsible.''
