1975 3306
269 173 322 213 20
846 170 1250 212 TERTVLLIANI

271 286 531 328 Caesariano
565 286 710 342 gladio
746 285 961 327 ferocisse.
1023 285 1108 327 Sed
1143 285 1221 326 tali
1244 285 1496 327 dedicatore
1530 286 1832 327 damnationis

269 371 446 407 nostrae
465 366 599 408 etiam
616 365 865 421 gloriamur.
928 364 1011 414 Qui
1030 365 1145 406 enim
1163 365 1246 406 scit
1262 365 1398 415 illum,
1417 365 1666 421 intellegere
1684 370 1832 420 potest

270 459 359 486 non
386 444 468 486 nisi
495 444 659 500 grande
687 443 865 498 aliquod
893 443 1059 484 bonum
1087 458 1111 484 a
1140 443 1312 485 Nerone
1339 444 1614 486 damnatum.
1676 444 1831 498 Temp—

270 527 447 564 tauerat
474 528 519 564 et
545 522 840 572 Domitianus,
872 521 1015 576 portio
1044 521 1228 563 Neronis
1256 521 1310 563 de
1339 522 1610 573 crudelitate,
1640 522 1716 564 sed
1744 536 1831 577 qua

271 608 316 645 et
347 603 491 654 homo,
525 603 651 645 facile
684 608 890 658 coeptum
922 603 1139 658 repressit,
1173 604 1389 645 restitutis
1421 603 1555 645 etiam
1587 618 1696 658 quos
1727 603 1830 643 rele-
1851 621 1874 652 5

269 691 465 741 gauerat.
527 685 652 726 Tales
674 699 845 739 semper
866 685 992 726 nobis
1013 685 1293 735 insecutores,
1317 685 1481 736 iniusti,
1505 684 1641 740 impii,
1665 689 1828 739 turpes,

270 780 380 821 quos
406 771 451 807 et
475 766 557 821 ipsi
584 766 795 807 damnare
821 766 1075 816 consuestiS,
1104 780 1129 807 a
1157 766 1316 820 quibus
1342 765 1578 807 damnatos
1603 765 1831 807 restituere

270 847 386 888 soliti
416 847 532 888 estis.
594 847 797 888 Ceterum
826 846 879 887 de
908 851 978 888 tot
1006 846 1162 888 exinde
1190 846 1460 902 principibus
1488 847 1545 888 ad
1573 846 1831 888 hodiernum

272 929 473 970 diuinum
500 928 833 983 humanumque
859 927 1133 982 sapientibus
1160 928 1276 970 edite
1303 928 1495 983 aliquem
1521 927 1832 969 debellatorem

273 1009 641 1051 Christianorum!
704 1009 765 1050 At
802 1023 882 1050 nos
922 1023 943 1050 e
984 1009 1202 1051 contrario
1243 1009 1412 1050 edimus
1450 1013 1757 1064 protectorem,
1799 1008 1833 1049 si
1856 1026 1902 1049 10

273 1090 447 1132 litterae
480 1090 537 1132 M.
570 1090 733 1131 Aurelii
764 1089 1010 1146 grauissimi
1042 1089 1319 1145 imperatoris
1349 1090 1642 1144 requirantur,
1675 1089 1834 1144 quibus

271 1172 391 1213 illam
438 1171 744 1213 Germanicam
790 1171 909 1212 sitim
955 1171 1302 1213 Christianorum
1347 1170 1460 1212 forte
1505 1170 1696 1212 militum
1741 1184 1833 1225 pre-

273 1253 520 1295 cationibus
548 1253 787 1308 impetrato
816 1252 946 1294 imbri
976 1252 1216 1293 discussam
1246 1256 1534 1293 contestatur.
1597 1251 1720 1293 Sicut
1747 1266 1834 1293 non

273 1335 421 1390 palam
449 1334 505 1376 ab
534 1334 746 1376 eiusmodi
775 1334 1026 1376 hominibus
1053 1348 1241 1389 poenam
1269 1333 1470 1384 dimouit,
1500 1334 1563 1375 ita
1591 1333 1676 1375 alio
1704 1333 1834 1375 modo

274 1416 421 1470 palam
457 1415 674 1470 dispersit,
712 1415 884 1457 adiecta
920 1416 1053 1457 etiam
1091 1415 1421 1457 accusatoribus
1456 1415 1754 1466 damnatione,
1793 1420 1836 1456 et
1858 1430 1903 1463 15

275 1497 453 1552 quidem
474 1497 666 1547 tetriore.
730 1496 887 1546 Quales
910 1511 1009 1552 ergo
1030 1496 1144 1552 leges
1164 1497 1275 1538 istae
1297 1511 1407 1552 quas
1427 1497 1638 1538 aduersus
1658 1511 1737 1539 nos
1758 1497 1836 1538 soli

275 1583 480 1619 exercent
512 1577 649 1632 impii,
685 1577 849 1628 iniusti,
887 1583 1051 1633 turpes,
1088 1583 1246 1628 truces,
1283 1578 1399 1628 uani,
1436 1577 1689 1620 dementes?
1728 1592 1836 1633 quas

276 1659 488 1700 Traianus
521 1673 573 1699 ex
605 1664 731 1714 parte
764 1658 1002 1700 frustratus
1034 1658 1327 1706 est‚uetando
1359 1659 1520 1714 inquiri
1552 1658 1834 1708 Christianos,

276 1754 386 1795 quas
437 1740 582 1781 nullus
634 1740 902 1791 Hadrianus,
957 1755 1229 1795 quamquam
1282 1741 1479 1781 omnium
1532 1741 1837 1783 curiositatum

276 1822 539 1876 explorator,
573 1821 718 1863 nullus
750 1821 1058 1876 Vespasianus,
1093 1835 1365 1876 quamquam
1397 1821 1662 1863 Iudaeorum
1695 1821 1837 1863 debel-
1859 1836 1907 1859 20

275 1904 402 1953 lator,
449 1903 594 1944 nullus
639 1903 755 1954 Pius,
802 1903 948 1945 nullus
992 1903 1131 1944 Verus
1174 1904 1392 1958 inpressit.
1454 1904 1642 1946 Facilius
1686 1904 1839 1959 utique

277 1985 452 2039 pessimi
473 1984 528 2026 ab
551 1984 730 2038 optimis
751 1984 1012 2039 quibusque,
1035 1989 1086 2026 ut
1107 1984 1162 2026 ab
1185 1984 1380 2035 aemulis,
1404 1999 1538 2040 quam
1559 1999 1584 2026 a
1605 1986 1694 2027 suis
1714 1984 1840 2027 sociis

279 2066 530 2107 eradicandi
559 2066 872 2108 iudicarentur.

362 2211 405 2252 6.
465 2210 595 2252 Nunc
626 2210 933 2266 religiosissimi
964 2210 1109 2266 legum
1142 2215 1186 2252 et
1217 2215 1502 2265 paternorum
1533 2210 1839 2252 institutorum

279 2298 548 2348 protectores
575 2298 620 2333 et
644 2292 808 2334 ultores
833 2292 1129 2347 respondeant
1154 2292 1286 2333 uelim
1312 2292 1366 2333 de
1391 2306 1470 2333 sua
1496 2291 1581 2333 fide
1608 2297 1652 2333 et
1677 2291 1839 2333 honore
1861 2307 1907 2339 25

280 2380 324 2415 et
353 2373 562 2428 obsequio
593 2387 692 2428 erga
723 2373 939 2414 maiorum
969 2372 1182 2422 consulta,
1214 2372 1249 2414 si
1279 2386 1304 2413 a
1333 2372 1452 2413 nullo
1482 2371 1773 2422 desciuerunt,
1805 2372 1839 2412 si

279 2456 324 2497 in
347 2455 465 2496 nullo
490 2455 866 2504 exorbitauerunt‚
891 2454 926 2495 si
948 2468 1037 2495 non
1059 2453 1300 2495 necessaria
1324 2458 1369 2494 et
1390 2453 1618 2508 aptissima
1641 2467 1841 2507 quaeque

281 2537 534 2591 disciplinae
554 2536 937 2577 oblitterauerunt.
1001 2535 1202 2592 Quonam
1221 2535 1319 2576 illae
1338 2535 1452 2590 leges
1471 2534 1675 2576 abierunt
1693 2548 1839 2589 sump-

282 2623 379 2659 tum
420 2623 464 2659 et
503 2617 791 2659 ambitionem
833 2617 1197 2671 comprimentes?
1242 2630 1354 2671 quae
1395 2621 1572 2657 centum
1612 2630 1712 2657 aera
1752 2630 1840 2657 non

282 2699 470 2753 amplius
492 2699 537 2739 in
561 2712 741 2739 coenam
765 2697 978 2739 subscribi
1000 2697 1215 2738 iubebant
1236 2711 1316 2737 nec
1339 2697 1527 2751 amplius
1550 2711 1683 2751 quam
1707 2711 1840 2738 unam
1861 2716 1910 2748 30

281 2781 429 2822 inferri
456 2780 675 2835 gallinam,
706 2785 750 2820 et
778 2794 874 2820 eam
901 2794 989 2820 non
1016 2779 1276 2834 saginatam,
1307 2792 1419 2833 quae
1446 2778 1692 2833 patricium,
1723 2778 1841 2833 quod

282 2862 432 2904 decem
465 2861 611 2916 pondo
645 2861 813 2916 argenti
847 2861 1084 2910 habuisset,
1120 2875 1198 2915 pro
1232 2874 1390 2915 magno
1423 2859 1677 2901 ambitionis
1710 2859 1840 2901 titulo
