1975 3306
295 143 374 183 130
869 138 1275 181 TERTVLLIANI

291 258 453 300 Sexum
492 272 570 299 nec
607 257 845 298 femineum
883 262 1031 297 mutat
1068 255 1354 297 Christianus.
1416 255 1531 296 Noui
1569 260 1614 296 et
1650 254 1857 308 Phrynen

292 333 564 374 meretricem
586 332 794 387 Diogenis
815 345 948 386 supra
969 330 1264 372 recumbentis
1286 330 1429 371 ardori
1452 329 1700 379 subantem,
1725 327 1857 370 audio

293 412 337 448 et
358 407 580 461 quendam
602 406 898 461 Speusippum
919 405 973 446 de
994 405 1191 446 Platonis
1212 404 1359 445 schola
1380 404 1423 445 in
1445 403 1661 444 adulterio
1682 403 1855 458 perisse.

293 482 568 523 Christianus
610 481 736 522 uxori
780 495 884 522 suae
927 480 1005 521 soli
1049 480 1269 520 masculus
1311 479 1518 520 nascitur.
1580 478 1859 519 Democritus

293 556 569 597 excaecando
614 556 913 611 semetipsum,
961 555 1080 610 quod
1125 555 1325 595 mulieres
1369 554 1461 595 sine
1505 553 1858 608 concupiscentia
1879 565 1898 596 5

293 632 485 686 aspicere
500 646 589 672 non
605 636 753 686 posset
769 636 813 671 et
827 631 995 672 doleret
1010 630 1043 671 si
1059 645 1148 671 non
1164 635 1277 670 esset
1292 629 1474 684 potitus,
1491 629 1857 670 incontinentiam

294 707 603 748 emendatione
636 706 882 761 profitetur.
944 705 1005 747 At
1038 705 1312 746 Christianus
1340 704 1472 745 saluis
1506 704 1641 745 oculis
1674 703 1859 745 feminas

291 796 380 822 non
411 781 556 828 uidet;
604 781 751 821 animo
783 780 994 821 aduersus
1023 779 1249 821 libidinem
1280 793 1434 820 caecus
1464 785 1542 820 est.
1604 779 1647 820 Si
1678 779 1732 820 de
1761 793 1857 834 pro-

292 855 434 896 bitate
473 855 722 905 defendam,
764 869 862 895 ecce
900 855 1130 895 lutulentis
1168 853 1354 909 pedibus
1392 854 1609 909 Diogenes
1648 854 1858 908 superbos

292 930 490 972 Platonis
536 936 656 972 toros
701 930 786 971 alia
832 929 1036 984 superbia
1083 929 1306 970 deculcat:
1371 928 1644 970 Christianus
1689 943 1768 970 nec
1812 929 1856 970 in
1881 942 1924 964 10

291 1023 530 1063 pauperem
561 1008 772 1063 superbit.
833 1007 877 1049 Si
909 1008 963 1049 de
994 1007 1210 1048 modestia
1241 1012 1417 1057 certem,
1452 1021 1549 1047 ecce
1580 1007 1856 1063 Pythagoras

292 1086 411 1141 apud
443 1087 641 1136 Thurios,
675 1086 824 1127 Zenon
855 1086 975 1140 apud
1006 1086 1260 1126 Prienenses
1291 1085 1572 1139 tyrannidem
1604 1085 1854 1128 adfectant:

292 1165 565 1206 Christianus
601 1180 705 1206 uero
741 1179 821 1205 nec
856 1165 1142 1205 aedilitatem.
1204 1163 1247 1204 Si
1284 1163 1338 1204 de
1373 1163 1722 1218 aequanimitate
1757 1178 1855 1205 con-

290 1242 474 1297 grediar,
494 1242 720 1297 Lycurgus
737 1241 1060 1297 apocarteresin
1078 1241 1266 1295 optauit,
1288 1240 1406 1295 quod
1422 1241 1537 1296 leges
1554 1241 1645 1282 eius
1663 1241 1856 1283 Lacones

294 1322 623 1363 emendassent:
666 1321 940 1362 Christianus
963 1320 1096 1361 etiam
1121 1319 1360 1361 damnatus
1382 1320 1547 1375 gratias
1569 1320 1673 1375 agit.
1735 1320 1779 1362 Si
1803 1321 1856 1362 de
1880 1336 1922 1368 15

291 1399 376 1440 fide
423 1413 671 1454 conparem,
720 1399 1006 1453 Anaxagoras
1053 1398 1303 1452 depositum
1350 1398 1551 1439 hostibus
1596 1398 1853 1454 denegauit:

291 1477 564 1519 Christianus
600 1483 644 1518 et
679 1482 803 1518 extra
838 1476 977 1518 fidelis
1012 1482 1211 1518 uocatur.
1273 1476 1317 1517 Si
1352 1476 1405 1517 de
1440 1476 1722 1531 simplicitate
1756 1491 1854 1519 con-

290 1555 458 1605 sistam,
503 1555 761 1596 Aristoteles
803 1554 1063 1595 familiarem
1106 1568 1234 1595 suum
1277 1554 1490 1595 Hermian
1533 1554 1722 1609 turpiter
1762 1555 1856 1596 loco

291 1634 498 1675 excedere
527 1634 652 1675 fecit:
700 1634 973 1675 Christianus
1002 1648 1080 1674 nec
1109 1633 1335 1674 inimicum
1364 1647 1492 1673 suum
1521 1632 1669 1674 laedit.
1731 1633 1855 1675 Idem

291 1711 548 1753 Aristoteles
585 1717 679 1753 tam
716 1711 905 1766 turpiter
941 1711 1190 1752 Alexandro
1227 1711 1415 1766 regendo
1452 1711 1600 1766 potius
1637 1711 1853 1762 adolatur‚
1876 1732 1922 1754 20

292 1803 426 1843 quam
455 1789 583 1830 Plato
612 1803 637 1829 a
666 1789 879 1843 Dionysio
909 1789 1075 1830 uentris
1103 1788 1244 1843 gratia
1274 1788 1544 1830 uenditatur.
1606 1789 1857 1845 Aristippus

291 1867 336 1908 in
383 1881 578 1921 purpura
625 1866 706 1908 sub
755 1881 915 1921 magna
961 1867 1195 1922 grauitatis
1243 1867 1469 1922 superficie
1516 1873 1768 1922 nepotatur,
1813 1874 1855 1909 et

292 1945 481 2000 Hippias
503 1945 609 1986 dum
633 1944 804 1985 ciuitati
826 1944 1006 1985 insidias
1028 1944 1236 1999 disponit,
1261 1945 1487 1986 occiditur.
1549 1945 1646 1986 Hoc
1668 1960 1746 2000 pro
1769 1946 1857 1987 suis

291 2022 411 2063 omni
434 2022 669 2063 atrocitate
691 2021 914 2076 dissipatis
936 2036 1063 2062 nemo
1086 2037 1283 2077 unquam
1305 2023 1547 2078 temptauit
1569 2023 1854 2065 Christianus.

292 2100 378 2141 Sed
410 2099 527 2141 dicet
557 2099 715 2154 aliquis
747 2099 881 2140 etiam
913 2100 967 2140 de
998 2101 1159 2141 nostris
1191 2101 1398 2142 excedere
1429 2101 1644 2156 quosdam
1667 2103 1855 2158 aregula
1877 2123 1921 2154 25

292 2178 561 2233 disciplinae.
622 2178 843 2219 Desinunt
893 2183 1042 2219 tamen
1094 2179 1328 2220 Christiani
1380 2179 1529 2221 haberi
1580 2195 1712 2235 penes
1761 2195 1854 2230 nos,

294 2255 542 2310 philosophi
579 2269 683 2297 uero
719 2256 779 2296 illi
817 2270 916 2296 cum
955 2257 1117 2297 talibus
1155 2257 1284 2298 factis
1319 2257 1363 2298 in
1400 2258 1576 2298 nornine
1613 2263 1658 2299 et
1694 2258 1857 2299 honore

294 2334 537 2387 sapientiae
590 2339 885 2388 perseuerant.
947 2335 1068 2376 Adeo
1124 2335 1229 2389 quid
1283 2335 1422 2376 simile
1475 2336 1760 2391 philosophus
1814 2342 1858 2378 et

296 2411 595 2453 Christianus?
650 2411 856 2453 Graeciae
891 2412 1130 2467 discipulus
1166 2418 1210 2454 et
1245 2413 1378 2455 caeli?
1431 2413 1576 2454 famae
1611 2414 1859 2469 negotiator

298 2496 343 2531 et
369 2491 516 2531 uitae?
551 2491 785 2532 uerborum
815 2496 859 2532 et
883 2490 1101 2532 factorum
1125 2497 1342 2546 operator,
1369 2497 1414 2533 et
1436 2506 1579 2533 rerum
1604 2492 1859 2534 aedificator
1879 2508 1925 2540 30

299 2573 343 2608 et
360 2569 634 2610 destructor?
671 2569 837 2610 amicus
856 2574 899 2611 et
915 2555 1117 2610 inimicus
1135 2570 1315 2611 erroris?
1350 2569 1552 2610 ueritatis
1569 2570 1859 2625 interpolator

299 2650 344 2686 et
364 2645 606 2701 integrator
628 2652 672 2688 et
693 2661 930 2701 expressor,
956 2652 1000 2688 et
1021 2647 1190 2688 furator
1212 2647 1303 2688 eius
1325 2652 1369 2688 et
1390 2648 1563 2687 custos?

384 2776 458 2817 47.
518 2777 753 2832 Antiquior
791 2777 993 2819 omnibus
1033 2777 1208 2826 ueritas,
1250 2776 1329 2817 nisi
1370 2776 1507 2825 fallor,
1549 2781 1593 2817 et
1632 2776 1713 2817 hoc
1751 2776 1857 2817 mihi
