1975 3306
339 172 424 212 360
914 170 1321 213 TERTVLLIANI
1541 174 1601 228 [p.
1631 171 1760 214 1001.
1791 175 1899 213 11—

425 300 463 340 p.
499 286 583 326 100
615 285 639 326 1.
675 287 726 325 11
762 296 839 326 CVI
872 296 972 326 SOLI
1005 296 1187 326 SVBICIO
1220 300 1252 327 c.
1277 287 1332 327 30
1357 300 1416 342 pr.
1441 301 1469 328 a
1490 301 1568 341 quo
1597 291 1695 328 sunt
1714 285 1898 334 secundi,

332 360 428 410 post
459 369 583 410 quem
610 355 758 410 primi.

426 439 464 480 p.
490 426 573 466 100
605 425 629 466 1.
659 427 712 465 12
745 425 799 466 ad
831 431 919 467 nab.
954 437 968 466 I
1003 424 1055 467 17
1079 425 1150 466 fin.
1173 425 1246 468 secl
1277 441 1359 468 non
1393 426 1577 469 dicimus
1608 426 1735 469 oleum
1765 427 1894 482 impe-

333 500 550 546 ratorem;
591 510 718 550 super
749 495 823 537 lzoc
854 495 977 546 enim,
1010 496 1120 551 quod
1155 496 1281 552 uulyo
1314 496 1446 546 aiunt,
1484 512 1667 538 sannam
1687 496 1894 552 facimus.

293 581 312 612 5
332 564 463 606 immo
485 564 560 620 qui
580 565 706 606 deum
729 565 956 607 Gaesarem
985 566 1129 608 dicitis
1157 571 1195 607 et
1224 566 1441 616 deridetis,
1462 566 1638 609 dicendo
1671 567 1782 622 quod
1813 581 1891 608 non

333 640 402 685 est,
424 641 462 677 et
482 635 597 677 male
625 636 780 685 (licitis,
803 636 905 691 quia
926 651 1009 678 non
1034 637 1126 678 uult
1150 651 1236 678 esse
1257 637 1368 692 quocl
1389 636 1560 686 dicitis;
1592 637 1761 678 mauult
1781 637 1894 678 enim

331 703 478 746 uiuere
500 720 629 760 quam
651 705 881 760 deusfieri.
935 705 1080 761 Scorp.
1107 707 1161 746 14
1187 720 1225 761 p.
1258 704 1339 746 177
1365 706 1388 747 1.
1418 709 1468 747 21
1496 705 1620 747 Wiss.
1649 705 1895 748 condixerat

330 774 489 816 scilicet
526 774 678 816 Petrus
710 789 850 830 reyem
882 775 1052 830 quidem
1088 775 1396 821 honorandum,
1430 781 1476 817 ut
1508 781 1647 817 tamen
1691 781 1788 817 tunc
1819 789 1894 816 rea:

329 843 566 894 honoretur,
607 860 702 886 cum
743 846 833 886 suis
875 845 997 887 rebus
1038 846 1209 895 insistit,
1252 862 1347 888 cum
1391 861 1418 887 a
1465 846 1628 888 diuinis
1669 845 1894 888 honoribus

267 928 311 951 10
330 913 450 970 lonye
474 920 541 956 est.
604 915 796 971 Theoph.
820 915 874 957 ad
897 915 1000 957 Aut.
1026 928 1040 956 I
1063 931 1095 957 c.
1122 918 1174 958 15
1204 931 1241 971 p.
1266 916 1360 958 76⁰:
1393 916 1580 972 worship
1602 916 1649 958 of
1675 931 1892 972 emperors

329 984 414 1025 and
447 984 576 1040 kings
606 985 766 1027 Arnob.
798 997 813 1026 Ι
844 987 899 1028 64
931 1001 966 1027 a.
996 1001 1048 1027 m.
1077 985 1236 1027 Tatian
1267 988 1294 1027 4
1327 986 1445 1028 Otto.

417 1070 456 1111 p.
482 1057 564 1097 100
588 1055 611 1097 l.
638 1057 692 1097 19
716 1067 1008 1097 SVGGERITVR
1031 1071 1064 1097 c.
1090 1058 1143 1097 18
1166 1071 1267 1112 pm.
1291 1071 1330 1112 p.
1354 1059 1408 1098 58
1433 1056 1457 1097 1.
1482 1058 1545 1097 24.

924 1289 1048 1332 ‘CAR
1082 1289 1282 1331 XXXIV

415 1428 454 1468 p.
491 1414 574 1454 100
606 1413 629 1454 1.
663 1415 717 1455 24
749 1413 861 1470 Aug.
886 1413 921 1455 is
953 1413 1213 1468 reformator
1240 1413 1415 1468 imperii
1446 1413 1491 1454 in
1513 1413 1628 1454 Terb.
1652 1412 1718 1453 De
1742 1411 1886 1454 Anim.

327 1483 382 1524 46
405 1498 443 1538 p.
469 1481 553 1525 376
577 1483 601 1525 l.
626 1485 650 1525 9
675 1483 801 1525 Wiss.
823 1484 1091 1539 formatores
1122 1483 1298 1538 imperii
1327 1482 1545 1524 Ammian.
1569 1482 1740 1523 Marcel.
1764 1493 1886 1523 XVIII

262 1566 304 1598 15
328 1554 352 1594 6
384 1550 403 1609 ξ
435 1555 459 1595 6
494 1565 613 1594 XXVI
647 1556 671 1594 2
704 1552 723 1611 ἓ
756 1554 791 1596 7.
855 1553 955 1596 Sen.
995 1554 1161 1596 Colum.
1196 1553 1380 1606 Quintil.
1421 1553 1527 1594 Plin.
1567 1553 1689 1609 epist.
1726 1553 1885 1594 Pallad.

328 1623 444 1679 uulg.

415 1704 639 1735 DOMINVM
653 1694 750 1735 qu.
765 1696 792 1735 4
811 1696 865 1736 96
885 1710 923 1736 n.
988 1693 1058 1736 On
1076 1694 1151 1735 the
1170 1693 1428 1736 Christians'
1450 1693 1607 1735 refusal
1630 1693 1678 1734 of
1693 1693 1768 1735 the
1787 1692 1886 1734 title

326 1768 371 1804 to
403 1778 621 1820 emperors
645 1764 797 1805 Walch
831 1764 876 1805 in
909 1764 1021 1806 Nou.
1046 1764 1210 1806 Comm.
1234 1763 1326 1805 Soc.
1359 1763 1476 1805 Gott.
1516 1775 1550 1804 II
1576 1765 1640 1804 18.
1704 1763 1882 1805 Sueton.

325 1833 438 1889 Aug.
457 1835 511 1874 53
534 1833 699 1875 domini
721 1834 1052 1890 appellationem
1079 1840 1121 1875 ut
1143 1834 1416 1876 maledictum
1439 1834 1506 1888 [cf.
1526 1834 1641 1883 Terta,
1661 1833 1714 1874 ad
1736 1833 1806 1875 fin.
1831 1833 1884 1887 c.]

258 1919 304 1942 20
324 1908 362 1945 et
396 1903 669 1958 opprobrium
698 1918 862 1959 semper
891 1904 1121 1946 eoelzorruit.
1185 1918 1279 1945 cum
1313 1909 1522 1959 spectante
1555 1918 1598 1945 eo
1631 1904 1754 1945 ludos
1780 1918 1882 1959 pro-

324 1974 569 2015 nuntiatum
610 1980 712 2016 esset
748 1975 794 2016 in
827 1975 972 2016 mimo:
1014 1990 1038 2015 o
1070 1973 1296 2015 dominum
1328 1988 1517 2029 aequum
1548 1979 1592 2015 et
1618 1973 1805 2015 bonum}
1847 1980 1885 2016 et

323 2044 517 2085 uniuersi
558 2045 681 2099 quasi
722 2044 772 2086 de
812 2045 905 2100 ipso
947 2045 1108 2086 <lictum
1149 2044 1402 2086 exsultantes
1453 2044 1801 2100 comprobassent,
1845 2051 1883 2087 et

323 2114 471 2155 statim
512 2129 644 2155 manu
686 2114 886 2169 uultuque
917 2114 1139 2156 indecoras
1176 2113 1444 2156 adulationes
1475 2116 1676 2170 repressit
1706 2121 1744 2156 et
1774 2115 1881 2157 inse-

323 2184 466 2238 quenti
502 2184 571 2225 die
598 2184 859 2238 gyrauissimo
893 2185 1103 2239 corripuit
1135 2184 1268 2226 edicto
1299 2184 1598 2240 dominumque
1629 2199 1670 2226 se
1705 2184 1882 2240 posthac

257 2271 301 2304 25
323 2254 542 2309 appellari
562 2270 611 2296 ne
633 2270 660 2296 a
683 2254 826 2296 liberis
843 2255 1011 2310 quidem
1029 2261 1105 2297 aut
1127 2254 1340 2310 nepotibus
1361 2255 1461 2305 suis,
1475 2255 1544 2296 nel
1565 2255 1675 2297 serio
1698 2256 1759 2297 uel
1782 2256 1881 2305 ioco,

317 2339 475 2380 passus
496 2331 565 2367 est.
628 2324 682 2367 id.
707 2325 848 2368 Tiber.
867 2325 919 2367 27
944 2325 1142 2368 (lominus
1164 2326 1409 2381 appellatus
1430 2341 1457 2367 a
1480 2325 1665 2381 quodam
1686 2326 1879 2368 (lenunti-

322 2395 426 2445 ausit,
449 2411 498 2437 ne
520 2411 560 2438 se
582 2396 770 2451 amplius
792 2397 1068 2439 contumeliae
1098 2412 1228 2439 causa
1259 2398 1508 2439 nominaret.
1572 2396 1879 2438 Gardthausen

323 2465 553 2522 Augustus
595 2479 629 2507 II
674 2469 754 2509 291
803 2470 867 2509 10.
930 2467 1013 2522 [Cf.
1048 2467 1098 2509 G.
1142 2467 1353 2524 MiHigan,
1388 2467 1629 2510 Seleobions
1662 2468 1768 2509 from
1804 2467 1878 2509 the

323 2535 467 2577 Greek
497 2536 654 2593 Papyri
677 2553 715 2593 p.
739 2539 793 2579 49
818 2553 856 2579 n.
881 2539 917 2587 6,
942 2537 997 2579 H.
1020 2537 1070 2578 A.
1089 2537 1144 2579 A.
1170 2537 1387 2594 Kennedy
1412 2537 1457 2578 in
1490 2537 1720 2594 Expositor
1751 2549 1818 2579 VII
1853 2538 1875 2580 7

256 2618 302 2650 30
321 2605 488 2661 (1909),
513 2606 595 2649 297
613 2607 636 2648 f.
700 2607 818 2661 A.S.]

410 2690 448 2730 p.
475 2677 558 2717 100
581 2676 605 2717 l.
629 2675 682 2717 27
715 2687 793 2717 DEI
825 2687 931 2717 VICE
960 2675 1013 2717 27
1036 2676 1108 2718 fin.
1135 2676 1222 2718 uice
1244 2676 1542 2718 rebellantium
1564 2677 1874 2731 eryastulorum

320 2743 425 2797 [and
447 2759 485 2785 n.
510 2744 638 2800 A.S.].
691 2746 802 2787 Iren.
828 2757 861 2786 II
884 2747 935 2787 31
961 2745 980 2802 ἓ
1004 2749 1038 2795 1,
1063 2758 1093 2787 V
1116 2748 1171 2787 24
1192 2744 1211 2802 ξ
1234 2748 1269 2788 2.
1323 2746 1430 2788 Gell.
1455 2757 1489 2787 II
1509 2747 1533 2788 6
1560 2745 1579 2801 ξ
1602 2747 1637 2787 9.
1691 2745 1875 2798 Quintil.

321 2813 429 2855 Plin.
454 2814 549 2856 Tac.
574 2815 752 2858 Sueten.

409 2895 545 2925 LIBER
567 2896 659 2926 SVM
683 2897 773 2926 ILLI
797 2901 828 2928 c.
855 2887 907 2927 13
929 2901 990 2942 pr.
1013 2885 1131 2928 nobis
1151 2886 1221 2928 dei
1240 2892 1346 2928 sunt.
