<?xml version="1.0" encoding="UTF-8"?>
<!DOCTYPE html PUBLIC "-//W3C//DTD XHTML 1.0 Transitional//EN"
    "http://www.w3.org/TR/xhtml1/DTD/xhtml1-transitional.dtd">
<html xmlns="http://www.w3.org/1999/xhtml" xml:lang="en" lang="en">
 <head>
  <title>
</title>
<meta http-equiv="Content-Type" content="text/html;charset=utf-8" />
  <meta name='ocr-system' content='tesseract 3.04.00' />
  <meta name='ocr-capabilities' content='ocr_page ocr_carea ocr_par ocr_line ocrx_word'/>
</head>
<body>
  <div class='ocr_page' id='page_1' title='image "./qseptimiflorenti00tert_0315.png"; bbox 0 0 1975 3306; ppageno 0'>
   <div class='ocr_carea' id='block_1_1' title="bbox 145 132 1709 189">
    <p class='ocr_par' dir='ltr' id='par_1_1' title="bbox 145 132 1709 189">
     <span class='ocr_line' id='line_1_1' title="bbox 145 132 1709 189; baseline -0.001 -13"><span class='ocrx_word' id='word_1_1' title='bbox 145 148 188 189; x_wconf 89' lang='lat' dir='ltr'>p.</span> <span class='ocrx_word' id='word_1_2' title='bbox 214 135 266 176; x_wconf 87' lang='grc'><em>68</em></span> <span class='ocrx_word' id='word_1_3' title='bbox 289 133 316 175; x_wconf 92' lang='grc'><em>1.</em></span> <span class='ocrx_word' id='word_1_4' title='bbox 343 135 415 188; x_wconf 87' lang='grc'><em>32]</em></span> <span class='ocrx_word' id='word_1_5' title='bbox 662 132 1109 176; x_wconf 77' lang='lat' dir='ltr'>APOLOGETIOVS</span> <span class='ocrx_word' id='word_1_6' title='bbox 1143 136 1194 175; x_wconf 87' lang='grc'><em>21</em></span> <span class='ocrx_word' id='word_1_7' title='bbox 1631 135 1709 176; x_wconf 85' lang='grc'><em>291</em></span> 
     </span>
    </p>
   </div>
   <div class='ocr_carea' id='block_1_2' title="bbox 138 248 1776 2958">
    <p class='ocr_par' dir='ltr' id='par_1_2' title="bbox 141 248 1754 586">
     <span class='ocr_line' id='line_1_2' title="bbox 234 248 1712 305; baseline 0.001 -16"><span class='ocrx_word' id='word_1_8' title='bbox 234 263 272 305; x_wconf 92' lang='lat' dir='ltr'><em>p.</em></span> <span class='ocrx_word' id='word_1_9' title='bbox 298 250 352 290; x_wconf 84' lang='grc'><em>68</em></span> <span class='ocrx_word' id='word_1_10' title='bbox 375 248 400 290; x_wconf 88' lang='lat' dir='ltr'>l.</span> <span class='ocrx_word' id='word_1_11' title='bbox 425 250 479 290; x_wconf 87' lang='grc'>28</span> <span class='ocrx_word' id='word_1_12' title='bbox 502 260 724 290; x_wconf 81' lang='lat' dir='ltr'><strong>SPIRITVM</strong></span> <span class='ocrx_word' id='word_1_13' title='bbox 746 264 777 290; x_wconf 83' lang='lat' dir='ltr'>c.</span> <span class='ocrx_word' id='word_1_14' title='bbox 803 251 857 291; x_wconf 83' lang='grc'><em>23</em></span> <span class='ocrx_word' id='word_1_15' title='bbox 884 264 923 305; x_wconf 87' lang='lat' dir='ltr'>p.</span> <span class='ocrx_word' id='word_1_16' title='bbox 948 251 1002 290; x_wconf 84' lang='grc'>82</span> <span class='ocrx_word' id='word_1_17' title='bbox 1034 249 1057 291; x_wconf 91' lang='lat' dir='ltr'>l.</span> <span class='ocrx_word' id='word_1_18' title='bbox 1091 252 1155 291; x_wconf 90' lang='grc'><em>11.</em></span> <span class='ocrx_word' id='word_1_19' title='bbox 1209 264 1320 291; x_wconf 86' lang='lat' dir='ltr'><em>omn.</em></span> <span class='ocrx_word' id='word_1_20' title='bbox 1344 249 1411 291; x_wconf 76' lang='lat' dir='ltr'><em>De</em></span> <span class='ocrx_word' id='word_1_21' title='bbox 1443 249 1562 291; x_wconf 73' lang='lat' dir='ltr'><em>Orat.</em></span> <span class='ocrx_word' id='word_1_22' title='bbox 1588 252 1609 290; x_wconf 88' lang='lat'>1</span> <span class='ocrx_word' id='word_1_23' title='bbox 1635 248 1712 290; x_wconf 81' lang='lat' dir='ltr'><em>bis.</em></span> 
     </span>
     <span class='ocr_line' id='line_1_3' title="bbox 149 320 1715 377; baseline 0 -17"><span class='ocrx_word' id='word_1_24' title='bbox 149 334 187 375; x_wconf 88' lang='lat' dir='ltr'><em>p.</em></span> <span class='ocrx_word' id='word_1_25' title='bbox 214 321 310 369; x_wconf 90' lang='lat'><em>180,</em></span> <span class='ocrx_word' id='word_1_26' title='bbox 334 322 370 361; x_wconf 96' lang='lat'><em>3.</em></span> <span class='ocrx_word' id='word_1_27' title='bbox 396 322 450 360; x_wconf 89' lang='lat'><em>12</em></span> <span class='ocrx_word' id='word_1_28' title='bbox 474 320 600 361; x_wconf 82' lang='lat' dir='ltr'><em>Wiss.</em></span> <span class='ocrx_word' id='word_1_29' title='bbox 655 320 767 362; x_wconf 85' lang='lat' dir='ltr'>Adu.</span> <span class='ocrx_word' id='word_1_30' title='bbox 792 320 922 362; x_wconf 79' lang='lat' dir='ltr'>Marc.</span> <span class='ocrx_word' id='word_1_31' title='bbox 946 332 1002 361; x_wconf 84' lang='grc' dir='ltr'><em>ΙΙΙ</em></span> <span class='ocrx_word' id='word_1_32' title='bbox 1033 322 1087 363; x_wconf 94' lang='grc'><em>16</em></span> <span class='ocrx_word' id='word_1_33' title='bbox 1116 321 1300 377; x_wconf 83' lang='lat' dir='ltr'><em>spiritus</em></span> <span class='ocrx_word' id='word_1_34' title='bbox 1328 320 1534 363; x_wconf 84' lang='lat' dir='ltr'><em>creatoris</em></span> <span class='ocrx_word' id='word_1_35' title='bbox 1563 320 1636 375; x_wconf 77' lang='lat' dir='ltr'><em>qui</em></span> <span class='ocrx_word' id='word_1_36' title='bbox 1657 325 1715 361; x_wconf 87' lang='lat' dir='ltr'><em>est</em></span> 
     </span>
     <span class='ocr_line' id='line_1_4' title="bbox 146 389 1715 447; baseline 0.001 -16"><span class='ocrx_word' id='word_1_37' title='bbox 146 390 354 432; x_wconf 76' lang='lat' dir='ltr'><em>Christus.</em></span> <span class='ocrx_word' id='word_1_38' title='bbox 419 391 639 432; x_wconf 73' lang='lat' dir='ltr'><em>Pamelius</em></span> <span class='ocrx_word' id='word_1_39' title='bbox 672 403 687 432; x_wconf 91' lang='grc' dir='ltr'>Ι</span> <span class='ocrx_word' id='word_1_40' title='bbox 718 389 826 433; x_wconf 83' lang='lat' dir='ltr'><em>33EF</em></span> <span class='ocrx_word' id='word_1_41' title='bbox 848 407 886 432; x_wconf 92' lang='lat' dir='ltr'>n.</span> <span class='ocrx_word' id='word_1_42' title='bbox 920 393 984 432; x_wconf 89' lang='lat'><em>13.</em></span> <span class='ocrx_word' id='word_1_43' title='bbox 1049 393 1073 432; x_wconf 88' lang='lat'>2</span> <span class='ocrx_word' id='word_1_44' title='bbox 1108 390 1284 446; x_wconf 71' lang='lat' dir='ltr'><em>[Clem]</em></span> <span class='ocrx_word' id='word_1_45' title='bbox 1318 393 1355 440; x_wconf 84' lang='lat'><em>9,</em></span> <span class='ocrx_word' id='word_1_46' title='bbox 1388 390 1715 447; x_wconf 70' lang='grc' dir='ltr'>Χριστὸς...ὢυ</span> 
     </span>
     <span class='ocr_line' id='line_1_5' title="bbox 141 459 1715 518; baseline 0 -16"><span class='ocrx_word' id='word_1_47' title='bbox 141 460 226 515; x_wconf 21' lang='grc' dir='ltr'><em>,μὲν</em></span> <span class='ocrx_word' id='word_1_48' title='bbox 258 459 307 503; x_wconf 83' lang='grc' dir='ltr'><em>τὸ</em></span> <span class='ocrx_word' id='word_1_49' title='bbox 341 464 521 518; x_wconf 81' lang='grc' dir='ltr'>πρῶτον</span> <span class='ocrx_word' id='word_1_50' title='bbox 557 464 744 515; x_wconf 79' lang='grc' dir='ltr'>πνεῦμα.</span> <span class='ocrx_word' id='word_1_51' title='bbox 809 461 918 504; x_wconf 59' lang='lat' dir='ltr'><em>Oiio</em></span> <span class='ocrx_word' id='word_1_52' title='bbox 955 477 1011 503; x_wconf 89' lang='lat' dir='ltr'><em>on</em></span> <span class='ocrx_word' id='word_1_53' title='bbox 1044 461 1262 518; x_wconf 69' lang='lat' dir='ltr'><em>Abhenag.</em></span> <span class='ocrx_word' id='word_1_54' title='bbox 1296 461 1449 517; x_wconf 82' lang='lat' dir='ltr'>Suppl.</span> <span class='ocrx_word' id='word_1_55' title='bbox 1484 463 1538 502; x_wconf 89' lang='lat'><em>10</em></span> <span class='ocrx_word' id='word_1_56' title='bbox 1570 476 1609 517; x_wconf 89' lang='lat' dir='ltr'><em>p.</em></span> <span class='ocrx_word' id='word_1_57' title='bbox 1644 462 1715 502; x_wconf 77' lang='lat' dir='ltr'><em>10O</em></span> 
     </span>
     <span class='ocr_line' id='line_1_6' title="bbox 147 531 1754 586; baseline 0 -15"><span class='ocrx_word' id='word_1_58' title='bbox 147 532 205 586; x_wconf 89' lang='lat' dir='ltr'>(p.</span> <span class='ocrx_word' id='word_1_59' title='bbox 240 531 294 572; x_wconf 77' lang='lat'><em>46</em></span> <span class='ocrx_word' id='word_1_60' title='bbox 327 545 366 572; x_wconf 88' lang='lat' dir='ltr'>n.</span> <span class='ocrx_word' id='word_1_61' title='bbox 401 532 457 584; x_wconf 84' lang='lat'>9).</span> <span class='ocrx_word' id='word_1_62' title='bbox 1735 547 1754 578; x_wconf 87' lang='lat'><strong>5</strong></span> 
     </span>
    </p>

    <p class='ocr_par' dir='ltr' id='par_1_3' title="bbox 138 600 1776 2127">
     <span class='ocr_line' id='line_1_7' title="bbox 235 600 1715 656; baseline -0.001 -15"><span class='ocrx_word' id='word_1_63' title='bbox 235 615 274 656; x_wconf 90' lang='lat' dir='ltr'><em>p.</em></span> <span class='ocrx_word' id='word_1_64' title='bbox 312 602 365 642; x_wconf 87' lang='lat'>68</span> <span class='ocrx_word' id='word_1_65' title='bbox 404 601 427 642; x_wconf 89' lang='lat' dir='ltr'>l.</span> <span class='ocrx_word' id='word_1_66' title='bbox 463 602 519 641; x_wconf 88' lang='lat'><em>30</em></span> <span class='ocrx_word' id='word_1_67' title='bbox 553 612 801 642; x_wconf 80' lang='lat' dir='ltr'><strong>PROLATVM</strong></span> <span class='ocrx_word' id='word_1_68' title='bbox 836 608 917 643; x_wconf 65' lang='lat' dir='ltr'><em>cet.</em></span> <span class='ocrx_word' id='word_1_69' title='bbox 978 601 1091 642; x_wconf 84' lang='lat' dir='ltr'>Adu.</span> <span class='ocrx_word' id='word_1_70' title='bbox 1135 601 1257 642; x_wconf 81' lang='lat' dir='ltr'>Prax.</span> <span class='ocrx_word' id='word_1_71' title='bbox 1301 604 1326 642; x_wconf 91' lang='lat'>8</span> <span class='ocrx_word' id='word_1_72' title='bbox 1359 615 1420 656; x_wconf 80' lang='lat' dir='ltr'>pr.</span> <span class='ocrx_word' id='word_1_73' title='bbox 1458 600 1531 642; x_wconf 86' lang='lat' dir='ltr'><em>hoo</em></span> <span class='ocrx_word' id='word_1_74' title='bbox 1567 600 1606 641; x_wconf 89' lang='lat' dir='ltr'><em>si</em></span> <span class='ocrx_word' id='word_1_75' title='bbox 1642 600 1715 656; x_wconf 78' lang='lat' dir='ltr'><em>qui</em></span> 
     </span>
     <span class='ocr_line' id='line_1_8' title="bbox 138 670 1714 727; baseline 0.001 -17"><span class='ocrx_word' id='word_1_76' title='bbox 138 670 367 725; x_wconf 78' lang='lat' dir='ltr'><em>putauerit</em></span> <span class='ocrx_word' id='word_1_77' title='bbox 399 685 464 712; x_wconf 87' lang='lat' dir='ltr'><em>me</em></span> <span class='ocrx_word' id='word_1_78' title='bbox 495 670 693 726; x_wconf 83' lang='lat' dir='ltr'><em>probolen</em></span> <span class='ocrx_word' id='word_1_79' title='bbox 727 671 922 727; x_wconf 74' lang='lat' dir='ltr'><em>aliquam</em></span> <span class='ocrx_word' id='word_1_80' title='bbox 958 671 1234 721; x_wconf 70' lang='lat' dir='ltr'><em>introducere,</em></span> <span class='ocrx_word' id='word_1_81' title='bbox 1257 670 1303 712; x_wconf 90' lang='lat' dir='ltr'><em>id</em></span> <span class='ocrx_word' id='word_1_82' title='bbox 1337 676 1397 713; x_wconf 87' lang='lat' dir='ltr'><em>est</em></span> <span class='ocrx_word' id='word_1_83' title='bbox 1429 670 1714 726; x_wconf 75' lang='lat' dir='ltr'><em>prolationem</em></span> 
     </span>
     <span class='ocr_line' id='line_1_9' title="bbox 147 739 1714 797; baseline -0.001 -17"><span class='ocrx_word' id='word_1_84' title='bbox 147 741 212 782; x_wconf 86' lang='lat' dir='ltr'><em>rei</em></span> <span class='ocrx_word' id='word_1_85' title='bbox 234 740 414 782; x_wconf 83' lang='lat' dir='ltr'><em>ulterius</em></span> <span class='ocrx_word' id='word_1_86' title='bbox 437 756 486 782; x_wconf 68' lang='lat' dir='ltr'><em>ea*</em></span> <span class='ocrx_word' id='word_1_87' title='bbox 516 740 666 790; x_wconf 86' lang='lat' dir='ltr'><em>altera,</em></span> <span class='ocrx_word' id='word_1_88' title='bbox 689 741 801 796; x_wconf 79' lang='lat' dir='ltr'><em>quod</em></span> <span class='ocrx_word' id='word_1_89' title='bbox 821 740 941 797; x_wconf 85' lang='lat' dir='ltr'><em>facit</em></span> <span class='ocrx_word' id='word_1_90' title='bbox 970 740 1231 790; x_wconf 74' lang='lat' dir='ltr'><em>Valentinus,</em></span> <span class='ocrx_word' id='word_1_91' title='bbox 1255 740 1392 781; x_wconf 84' lang='lat' dir='ltr'><em>alium</em></span> <span class='ocrx_word' id='word_1_92' title='bbox 1422 746 1547 795; x_wconf 80' lang='lat' dir='ltr'><em>atque</em></span> <span class='ocrx_word' id='word_1_93' title='bbox 1575 739 1714 781; x_wconf 84' lang='lat' dir='ltr'><em>alium</em></span> 
     </span>
     <span class='ocr_line' id='line_1_10' title="bbox 142 809 1713 866; baseline 0.001 -16"><span class='ocrx_word' id='word_1_94' title='bbox 142 825 321 851; x_wconf 77' lang='lat' dir='ltr'><em>aeonem</em></span> <span class='ocrx_word' id='word_1_95' title='bbox 344 810 394 851; x_wconf 91' lang='lat' dir='ltr'><em>de</em></span> <span class='ocrx_word' id='word_1_96' title='bbox 416 825 542 852; x_wconf 80' lang='lat' dir='ltr'><em>aeone</em></span> <span class='ocrx_word' id='word_1_97' title='bbox 560 810 828 866; x_wconf 77' lang='lat' dir='ltr'><em>produc-ens;</em></span> <span class='ocrx_word' id='word_1_98' title='bbox 853 811 1001 866; x_wconf 83' lang='lat' dir='ltr'><em>primo</em></span> <span class='ocrx_word' id='word_1_99' title='bbox 1024 810 1195 866; x_wconf 75' lang='lat' dir='ltr'><em>quidem</em></span> <span class='ocrx_word' id='word_1_100' title='bbox 1217 810 1362 851; x_wconf 83' lang='lat' dir='ltr'><em>dicam</em></span> <span class='ocrx_word' id='word_1_101' title='bbox 1384 809 1485 851; x_wconf 85' lang='lat' dir='ltr'><em>tibi:</em></span> <span class='ocrx_word' id='word_1_102' title='bbox 1516 825 1598 851; x_wconf 86' lang='lat' dir='ltr'><em>non</em></span> <span class='ocrx_word' id='word_1_103' title='bbox 1620 809 1713 851; x_wconf 86' lang='lat' dir='ltr'><em>ideo</em></span> 
     </span>
     <span class='ocr_line' id='line_1_11' title="bbox 139 880 1776 935; baseline -0.002 -15"><span class='ocrx_word' id='word_1_104' title='bbox 139 895 229 922; x_wconf 31' lang='lat' dir='ltr'><em>&#39;non</em></span> <span class='ocrx_word' id='word_1_105' title='bbox 267 880 400 921; x_wconf 82' lang='lat' dir='ltr'><em>utitur</em></span> <span class='ocrx_word' id='word_1_106' title='bbox 430 886 468 922; x_wconf 85' lang='lat' dir='ltr'><em>et</em></span> <span class='ocrx_word' id='word_1_107' title='bbox 500 881 665 922; x_wconf 84' lang='lat' dir='ltr'><em>ueritus</em></span> <span class='ocrx_word' id='word_1_108' title='bbox 698 880 901 922; x_wconf 79' lang='lat' dir='ltr'><em>uocabulo</em></span> <span class='ocrx_word' id='word_1_109' title='bbox 930 881 1009 922; x_wconf 89' lang='lat' dir='ltr'><em>isto</em></span> <span class='ocrx_word' id='word_1_110' title='bbox 1039 886 1077 922; x_wconf 90' lang='lat' dir='ltr'><em>et</em></span> <span class='ocrx_word' id='word_1_111' title='bbox 1106 895 1152 922; x_wconf 86' lang='lat' dir='ltr'><em>re</em></span> <span class='ocrx_word' id='word_1_112' title='bbox 1182 895 1231 922; x_wconf 84' lang='lat' dir='ltr'><em>ao</em></span> <span class='ocrx_word' id='word_1_113' title='bbox 1264 894 1388 922; x_wconf 80' lang='lat' dir='ltr'><em>censu</em></span> <span class='ocrx_word' id='word_1_114' title='bbox 1419 880 1519 928; x_wconf 86' lang='lat' dir='ltr'><em>eius,</em></span> <span class='ocrx_word' id='word_1_115' title='bbox 1541 880 1644 935; x_wconf 79' lang='lat' dir='ltr'><em>quia</em></span> <span class='ocrx_word' id='word_1_116' title='bbox 1676 885 1714 921; x_wconf 87' lang='lat' dir='ltr'><em>et</em></span> <span class='ocrx_word' id='word_1_117' title='bbox 1735 895 1776 917; x_wconf 88' lang='lat'><em>10</em></span> 
     </span>
     <span class='ocr_line' id='line_1_12' title="bbox 148 949 1712 1007; baseline -0.001 -15"><span class='ocrx_word' id='word_1_118' title='bbox 148 951 335 992; x_wconf 83' lang='lat' dir='ltr'><em>haeresis</em></span> <span class='ocrx_word' id='word_1_119' title='bbox 362 952 528 1002; x_wconf 84' lang='lat' dir='ltr'><em>utitur,·</em></span> <span class='ocrx_word' id='word_1_120' title='bbox 561 952 691 994; x_wconf 83' lang='lat' dir='ltr'><em>immo</em></span> <span class='ocrx_word' id='word_1_121' title='bbox 719 952 907 994; x_wconf 83' lang='lat' dir='ltr'><em>haeresis</em></span> <span class='ocrx_word' id='word_1_122' title='bbox 935 951 1082 1007; x_wconf 85' lang='lat' dir='ltr'><em>potius</em></span> <span class='ocrx_word' id='word_1_123' title='bbox 1114 966 1163 993; x_wconf 71' lang='lat' dir='ltr'><em>ea:</em></span> <span class='ocrx_word' id='word_1_124' title='bbox 1193 951 1375 993; x_wconf 78' lang='lat' dir='ltr'><em>ueritate</em></span> <span class='ocrx_word' id='word_1_125' title='bbox 1404 950 1574 1005; x_wconf 80' lang='lat' dir='ltr'><em>accepit,</em></span> <span class='ocrx_word' id='word_1_126' title='bbox 1603 949 1712 1005; x_wconf 72' lang='lat' dir='ltr'><em>quod</em></span> 
     </span>
     <span class='ocr_line' id='line_1_13' title="bbox 139 1020 1712 1077; baseline -0.001 -15"><span class='ocrx_word' id='word_1_127' title='bbox 139 1021 205 1063; x_wconf 84' lang='lat' dir='ltr'><em>ad</em></span> <span class='ocrx_word' id='word_1_128' title='bbox 234 1021 504 1063; x_wconf 71' lang='lat' dir='ltr'><em>mendacium</em></span> <span class='ocrx_word' id='word_1_129' title='bbox 532 1037 658 1063; x_wconf 87' lang='lat' dir='ltr'><em>suum</em></span> <span class='ocrx_word' id='word_1_130' title='bbox 688 1027 879 1063; x_wconf 83' lang='lat' dir='ltr'><em>strueret.</em></span> <span class='ocrx_word' id='word_1_131' title='bbox 935 1022 1140 1077; x_wconf 81' lang='lat' dir='ltr'><em>prolatus</em></span> <span class='ocrx_word' id='word_1_132' title='bbox 1169 1027 1227 1063; x_wconf 88' lang='lat' dir='ltr'><em>est</em></span> <span class='ocrx_word' id='word_1_133' title='bbox 1256 1036 1392 1063; x_wconf 86' lang='lat' dir='ltr'><em>sermo</em></span> <span class='ocrx_word' id='word_1_134' title='bbox 1422 1020 1492 1062; x_wconf 87' lang='lat' dir='ltr'><em>dei</em></span> <span class='ocrx_word' id='word_1_135' title='bbox 1518 1035 1574 1061; x_wconf 89' lang='lat' dir='ltr'><em>an</em></span> <span class='ocrx_word' id='word_1_136' title='bbox 1596 1020 1712 1061; x_wconf 80' lang='lat' dir='ltr'><em>non?</em></span> 
     </span>
     <span class='ocr_line' id='line_1_14' title="bbox 140 1089 1712 1146; baseline 0 -16"><span class='ocrx_word' id='word_1_137' title='bbox 140 1090 215 1132; x_wconf 74' lang='lat' dir='ltr'><em>vhio</em></span> <span class='ocrx_word' id='word_1_138' title='bbox 256 1105 419 1133; x_wconf 83' lang='lat' dir='ltr'><em>mecum</em></span> <span class='ocrx_word' id='word_1_139' title='bbox 457 1090 648 1146; x_wconf 71' lang='lat' dir='ltr'><em>yradum</em></span> <span class='ocrx_word' id='word_1_140' title='bbox 683 1091 782 1146; x_wconf 66' lang='lat' dir='ltr'><em>flye.</em></span> <span class='ocrx_word' id='word_1_141' title='bbox 855 1091 895 1132; x_wconf 88' lang='lat' dir='ltr'><em>si</em></span> <span class='ocrx_word' id='word_1_142' title='bbox 928 1091 1131 1146; x_wconf 79' lang='lat' dir='ltr'><em>prolatus</em></span> <span class='ocrx_word' id='word_1_143' title='bbox 1172 1096 1242 1140; x_wconf 86' lang='lat' dir='ltr'><em>est,</em></span> <span class='ocrx_word' id='word_1_144' title='bbox 1284 1104 1477 1145; x_wconf 69' lang='lat' dir='ltr'><em>coynosoe</em></span> <span class='ocrx_word' id='word_1_145' title='bbox 1511 1089 1712 1144; x_wconf 84' lang='lat' dir='ltr'><em>probolen</em></span> 
     </span>
     <span class='ocr_line' id='line_1_15' title="bbox 147 1159 1710 1216; baseline -0.001 -15"><span class='ocrx_word' id='word_1_146' title='bbox 147 1161 346 1202; x_wconf 84' lang='lat' dir='ltr'><em>ueritatis</em></span> <span class='ocrx_word' id='word_1_147' title='bbox 367 1166 404 1202; x_wconf 83' lang='lat' dir='ltr'><em>et</em></span> <span class='ocrx_word' id='word_1_148' title='bbox 425 1160 586 1202; x_wconf 47' lang='lat' dir='ltr'><em>*uiderit</em></span> <span class='ocrx_word' id='word_1_149' title='bbox 607 1160 806 1210; x_wconf 87' lang='lat' dir='ltr'><em>haeresis,</em></span> <span class='ocrx_word' id='word_1_150' title='bbox 823 1161 862 1202; x_wconf 91' lang='lat' dir='ltr'><em>si</em></span> <span class='ocrx_word' id='word_1_151' title='bbox 882 1160 987 1216; x_wconf 75' lang='lat' dir='ltr'><em>quid</em></span> <span class='ocrx_word' id='word_1_152' title='bbox 1008 1160 1059 1202; x_wconf 89' lang='lat' dir='ltr'><em>de</em></span> <span class='ocrx_word' id='word_1_153' title='bbox 1074 1161 1259 1202; x_wconf 86' lang='lat' dir='ltr'><em>ueritate</em></span> <span class='ocrx_word' id='word_1_154' title='bbox 1280 1160 1455 1201; x_wconf 86' lang='lat' dir='ltr'><em>imitata</em></span> <span class='ocrx_word' id='word_1_155' title='bbox 1476 1165 1545 1202; x_wconf 85' lang='lat' dir='ltr'><em>est.</em></span> <span class='ocrx_word' id='word_1_156' title='bbox 1591 1161 1615 1201; x_wconf 88' lang='grc'>6</span> <span class='ocrx_word' id='word_1_157' title='bbox 1639 1159 1710 1200; x_wconf 90' lang='lat' dir='ltr'>fin.</span> 
     </span>
     <span class='ocr_line' id='line_1_16' title="bbox 147 1230 1776 1287; baseline -0.001 -16"><span class='ocrx_word' id='word_1_158' title='bbox 147 1246 250 1272; x_wconf 77' lang='lat' dir='ltr'><em>nam</em></span> <span class='ocrx_word' id='word_1_159' title='bbox 286 1237 332 1273; x_wconf 56' lang='lat' dir='ltr'><em>‘ut</em></span> <span class='ocrx_word' id='word_1_160' title='bbox 361 1232 559 1286; x_wconf 81' lang='lat' dir='ltr'><em>primum</em></span> <span class='ocrx_word' id='word_1_161' title='bbox 593 1231 696 1273; x_wconf 87' lang='lat' dir='ltr'><em>deus</em></span> <span class='ocrx_word' id='word_1_162' title='bbox 727 1231 866 1273; x_wconf 87' lang='lat' dir='ltr'><em>uoluit</em></span> <span class='ocrx_word' id='word_1_163' title='bbox 902 1246 952 1273; x_wconf 93' lang='lat' dir='ltr'><em>ea</em></span> <span class='ocrx_word' id='word_1_164' title='bbox 986 1246 1094 1287; x_wconf 72' lang='lat' dir='ltr'><em>quae</em></span> <span class='ocrx_word' id='word_1_165' title='bbox 1125 1246 1220 1274; x_wconf 86' lang='lat' dir='ltr'><em>oum</em></span> <span class='ocrx_word' id='word_1_166' title='bbox 1252 1230 1439 1286; x_wconf 75' lang='lat' dir='ltr'><em>Sophiae</em></span> <span class='ocrx_word' id='word_1_167' title='bbox 1474 1230 1642 1272; x_wconf 84' lang='lat' dir='ltr'><em>ratione</em></span> <span class='ocrx_word' id='word_1_168' title='bbox 1675 1236 1712 1272; x_wconf 89' lang='lat' dir='ltr'><em>et</em></span> <span class='ocrx_word' id='word_1_169' title='bbox 1735 1248 1776 1279; x_wconf 86' lang='lat'><em>15</em></span> 
     </span>
     <span class='ocr_line' id='line_1_17' title="bbox 147 1300 1711 1357; baseline -0.001 -14"><span class='ocrx_word' id='word_1_170' title='bbox 147 1316 336 1343; x_wconf 77' lang='lat' dir='ltr'><em>sermone</em></span> <span class='ocrx_word' id='word_1_171' title='bbox 359 1301 627 1357; x_wconf 71' lang='lat' dir='ltr'><em>disposuerat</em></span> <span class='ocrx_word' id='word_1_172' title='bbox 648 1302 768 1343; x_wconf 75' lang='lat' dir='ltr'><em>intra</em></span> <span class='ocrx_word' id='word_1_173' title='bbox 789 1317 842 1351; x_wconf 90' lang='lat' dir='ltr'><em>se,</em></span> <span class='ocrx_word' id='word_1_174' title='bbox 863 1302 908 1343; x_wconf 87' lang='lat' dir='ltr'><em>in</em></span> <span class='ocrx_word' id='word_1_175' title='bbox 938 1301 1198 1343; x_wconf 82' lang='lat' dir='ltr'><em>substantias</em></span> <span class='ocrx_word' id='word_1_176' title='bbox 1220 1307 1257 1343; x_wconf 90' lang='lat' dir='ltr'><em>et</em></span> <span class='ocrx_word' id='word_1_177' title='bbox 1278 1301 1435 1357; x_wconf 82' lang='lat' dir='ltr'><em>species</em></span> <span class='ocrx_word' id='word_1_178' title='bbox 1457 1315 1559 1342; x_wconf 85' lang='lat' dir='ltr'><em>suas</em></span> <span class='ocrx_word' id='word_1_179' title='bbox 1581 1300 1711 1351; x_wconf 82' lang='lat' dir='ltr'><em>edere,</em></span> 
     </span>
     <span class='ocr_line' id='line_1_18' title="bbox 147 1370 1712 1427; baseline 0 -15"><span class='ocrx_word' id='word_1_180' title='bbox 147 1372 290 1426; x_wconf 83' lang='lat' dir='ltr'><em>ipsum</em></span> <span class='ocrx_word' id='word_1_181' title='bbox 320 1371 518 1426; x_wconf 83' lang='lat' dir='ltr'><em>primum</em></span> <span class='ocrx_word' id='word_1_182' title='bbox 553 1372 741 1427; x_wconf 82' lang='lat' dir='ltr'><em>protulit</em></span> <span class='ocrx_word' id='word_1_183' title='bbox 776 1386 1010 1414; x_wconf 83' lang='lat' dir='ltr'><em>sermonem</em></span> <span class='ocrx_word' id='word_1_184' title='bbox 1046 1371 1265 1413; x_wconf 73' lang='lat' dir='ltr'><em>habentem</em></span> <span class='ocrx_word' id='word_1_185' title='bbox 1298 1371 1340 1412; x_wconf 86' lang='lat' dir='ltr'><em>in</em></span> <span class='ocrx_word' id='word_1_186' title='bbox 1377 1385 1420 1413; x_wconf 90' lang='lat' dir='ltr'><em>se</em></span> <span class='ocrx_word' id='word_1_187' title='bbox 1455 1370 1712 1412; x_wconf 84' lang='lat' dir='ltr'><em>indiuiduas</em></span> 
     </span>
     <span class='ocr_line' id='line_1_19' title="bbox 148 1441 1713 1497; baseline 0.001 -16"><span class='ocrx_word' id='word_1_188' title='bbox 148 1456 249 1482; x_wconf 87' lang='lat' dir='ltr'><em>suas</em></span> <span class='ocrx_word' id='word_1_189' title='bbox 285 1442 496 1483; x_wconf 86' lang='lat' dir='ltr'><em>rationem</em></span> <span class='ocrx_word' id='word_1_190' title='bbox 532 1447 569 1483; x_wconf 88' lang='lat' dir='ltr'><em>et</em></span> <span class='ocrx_word' id='word_1_191' title='bbox 601 1441 808 1497; x_wconf 79' lang='lat' dir='ltr'><em>sophiam,</em></span> <span class='ocrx_word' id='word_1_192' title='bbox 834 1447 881 1483; x_wconf 88' lang='lat' dir='ltr'><em>ut</em></span> <span class='ocrx_word' id='word_1_193' title='bbox 910 1456 993 1497; x_wconf 81' lang='lat' dir='ltr'><em>per</em></span> <span class='ocrx_word' id='word_1_194' title='bbox 1028 1443 1172 1497; x_wconf 84' lang='lat' dir='ltr'><em>ipsum</em></span> <span class='ocrx_word' id='word_1_195' title='bbox 1199 1442 1354 1497; x_wconf 84' lang='lat' dir='ltr'><em>fierent</em></span> <span class='ocrx_word' id='word_1_196' title='bbox 1388 1441 1604 1490; x_wconf 86' lang='lat' dir='ltr'><em>uniuersa,</em></span> <span class='ocrx_word' id='word_1_197' title='bbox 1631 1455 1713 1495; x_wconf 84' lang='lat' dir='ltr'><em>per</em></span> 
     </span>
     <span class='ocr_line' id='line_1_20' title="bbox 140 1511 1711 1567; baseline -0.001 -15"><span class='ocrx_word' id='word_1_198' title='bbox 140 1526 270 1566; x_wconf 76' lang='lat' dir='ltr'><em>-quem</em></span> <span class='ocrx_word' id='word_1_199' title='bbox 292 1517 414 1554; x_wconf 82' lang='lat' dir='ltr'><em>erant</em></span> <span class='ocrx_word' id='word_1_200' title='bbox 434 1512 621 1567; x_wconf 68' lang='lat' dir='ltr'><em>eoyitata</em></span> <span class='ocrx_word' id='word_1_201' title='bbox 643 1518 767 1567; x_wconf 75' lang='lat' dir='ltr'><em>atque</em></span> <span class='ocrx_word' id='word_1_202' title='bbox 788 1512 1010 1567; x_wconf 83' lang='lat' dir='ltr'><em>disposita,</em></span> <span class='ocrx_word' id='word_1_203' title='bbox 1031 1512 1160 1553; x_wconf 87' lang='lat' dir='ltr'><em>immo</em></span> <span class='ocrx_word' id='word_1_204' title='bbox 1183 1517 1220 1553; x_wconf 90' lang='lat' dir='ltr'><em>et</em></span> <span class='ocrx_word' id='word_1_205' title='bbox 1230 1511 1359 1567; x_wconf 84' lang='lat' dir='ltr'><em>faeta</em></span> <span class='ocrx_word' id='word_1_206' title='bbox 1380 1511 1483 1558; x_wconf 90' lang='lat' dir='ltr'><em>iam,</em></span> <span class='ocrx_word' id='word_1_207' title='bbox 1506 1516 1711 1566; x_wconf 77' lang='lat' dir='ltr'><em>quantum</em></span> 
     </span>
     <span class='ocr_line' id='line_1_21' title="bbox 149 1579 1776 1638; baseline -0.002 -17"><span class='ocrx_word' id='word_1_208' title='bbox 149 1581 195 1621; x_wconf 87' lang='lat' dir='ltr'><em>in</em></span> <span class='ocrx_word' id='word_1_209' title='bbox 225 1581 295 1622; x_wconf 88' lang='lat' dir='ltr'><em>dei</em></span> <span class='ocrx_word' id='word_1_210' title='bbox 322 1596 456 1622; x_wconf 84' lang='lat' dir='ltr'><em>sensu.</em></span> <span class='ocrx_word' id='word_1_211' title='bbox 519 1581 632 1622; x_wconf 84' lang='lat' dir='ltr'>Adu.</span> <span class='ocrx_word' id='word_1_212' title='bbox 667 1581 888 1623; x_wconf 64' lang='lat' dir='ltr'><em>Valentin.</em></span> <span class='ocrx_word' id='word_1_213' title='bbox 918 1582 942 1627; x_wconf 84' lang='lat'><strong>7</strong></span> <span class='ocrx_word' id='word_1_214' title='bbox 969 1597 1008 1638; x_wconf 87' lang='lat' dir='ltr'><em>p.</em></span> <span class='ocrx_word' id='word_1_215' title='bbox 1034 1583 1116 1622; x_wconf 82' lang='lat'><em>185</em></span> <span class='ocrx_word' id='word_1_216' title='bbox 1141 1581 1164 1622; x_wconf 87' lang='lat' dir='ltr'>l.</span> <span class='ocrx_word' id='word_1_217' title='bbox 1190 1583 1214 1623; x_wconf 89' lang='grc'>6</span> <span class='ocrx_word' id='word_1_218' title='bbox 1248 1581 1322 1622; x_wconf 84' lang='lat' dir='ltr'><em>Kr.</em></span> <span class='ocrx_word' id='word_1_219' title='bbox 1345 1595 1527 1635; x_wconf 75' lang='lat' dir='ltr'><em>namque</em></span> <span class='ocrx_word' id='word_1_220' title='bbox 1556 1579 1712 1621; x_wconf 82' lang='lat' dir='ltr'><em>ibidem</em></span> <span class='ocrx_word' id='word_1_221' title='bbox 1732 1596 1776 1618; x_wconf 87' lang='lat'><em>20</em></span> 
     </span>
     <span class='ocr_line' id='line_1_22' title="bbox 151 1652 1713 1708; baseline -0.001 -15"><span class='ocrx_word' id='word_1_222' title='bbox 151 1652 248 1693; x_wconf 87' lang='lat' dir='ltr'><em>Nus</em></span> <span class='ocrx_word' id='word_1_223' title='bbox 276 1652 407 1693; x_wconf 84' lang='lat' dir='ltr'><em>simul</em></span> <span class='ocrx_word' id='word_1_224' title='bbox 437 1653 598 1708; x_wconf 84' lang='lat' dir='ltr'><em>accepit</em></span> <span class='ocrx_word' id='word_1_225' title='bbox 624 1653 889 1708; x_wconf 81' lang='lat' dir='ltr'><em>prolationis</em></span> <span class='ocrx_word' id='word_1_226' title='bbox 921 1667 1024 1694; x_wconf 84' lang='lat' dir='ltr'><em>suae</em></span> <span class='ocrx_word' id='word_1_227' title='bbox 1053 1653 1235 1708; x_wconf 81' lang='lat' dir='ltr'><em>officium</em></span> <span class='ocrx_word' id='word_1_228' title='bbox 1250 1668 1264 1702; x_wconf 88' lang='lat'><em>,·</em></span> <span class='ocrx_word' id='word_1_229' title='bbox 1296 1652 1450 1694; x_wconf 87' lang='lat' dir='ltr'><em>emittit</em></span> <span class='ocrx_word' id='word_1_230' title='bbox 1478 1657 1516 1693; x_wconf 83' lang='lat' dir='ltr'><em>et</em></span> <span class='ocrx_word' id='word_1_231' title='bbox 1544 1652 1634 1706; x_wconf 87' lang='lat' dir='ltr'><em>ipse</em></span> <span class='ocrx_word' id='word_1_232' title='bbox 1663 1666 1713 1693; x_wconf 79' lang='lat' dir='ltr'><em>ea·</em></span> 
     </span>
     <span class='ocr_line' id='line_1_23' title="bbox 148 1721 1713 1779; baseline 0 -16"><span class='ocrx_word' id='word_1_233' title='bbox 148 1727 275 1763; x_wconf 88' lang='lat' dir='ltr'><em>semet</em></span> <span class='ocrx_word' id='word_1_234' title='bbox 295 1722 388 1777; x_wconf 84' lang='lat' dir='ltr'><em>ipso</em></span> <span class='ocrx_word' id='word_1_235' title='bbox 411 1721 656 1764; x_wconf 80' lang='lat' dir='ltr'><em>Sermonem</em></span> <span class='ocrx_word' id='word_1_236' title='bbox 680 1728 716 1765; x_wconf 88' lang='lat' dir='ltr'><em>et</em></span> <span class='ocrx_word' id='word_1_237' title='bbox 746 1723 902 1764; x_wconf 87' lang='lat' dir='ltr'><em>Vitam.</em></span> <span class='ocrx_word' id='word_1_238' title='bbox 956 1721 1019 1765; x_wconf 88' lang='lat' dir='ltr'>Cf.</span> <span class='ocrx_word' id='word_1_239' title='bbox 1044 1722 1096 1764; x_wconf 83' lang='lat'><em>37</em></span> <span class='ocrx_word' id='word_1_240' title='bbox 1122 1737 1160 1779; x_wconf 90' lang='lat' dir='ltr'><em>p.</em></span> <span class='ocrx_word' id='word_1_241' title='bbox 1185 1725 1265 1763; x_wconf 88' lang='lat'><em>211</em></span> <span class='ocrx_word' id='word_1_242' title='bbox 1292 1722 1316 1763; x_wconf 87' lang='lat' dir='ltr'>l.</span> <span class='ocrx_word' id='word_1_243' title='bbox 1339 1723 1366 1762; x_wconf 80' lang='lat'><strong>4</strong></span> <span class='ocrx_word' id='word_1_244' title='bbox 1389 1721 1463 1762; x_wconf 85' lang='lat' dir='ltr'>Kr.</span> <span class='ocrx_word' id='word_1_245' title='bbox 1524 1721 1713 1776; x_wconf 82' lang='lat' dir='ltr'><em>prolatio</em></span> 
     </span>
     <span class='ocr_line' id='line_1_24' title="bbox 150 1789 1711 1849; baseline -0.001 -17"><span class='ocrx_word' id='word_1_246' title='bbox 150 1793 266 1834; x_wconf 83' lang='lat' dir='ltr'><em>uocis</em></span> <span class='ocrx_word' id='word_1_247' title='bbox 287 1792 405 1833; x_wconf 59' lang='lat' dir='ltr'><em>Laeta.</em></span> <span class='ocrx_word' id='word_1_248' title='bbox 436 1791 537 1833; x_wconf 82' lang='lat' dir='ltr'>Diu.</span> <span class='ocrx_word' id='word_1_249' title='bbox 568 1792 699 1834; x_wconf 65' lang='lat' dir='ltr'>Ins‘ot.</span> <span class='ocrx_word' id='word_1_250' title='bbox 730 1804 779 1833; x_wconf 87' lang='lat' dir='ltr'><em>IV</em></span> <span class='ocrx_word' id='word_1_251' title='bbox 811 1795 836 1833; x_wconf 92' lang='lat'>8</span> <span class='ocrx_word' id='word_1_252' title='bbox 865 1791 884 1849; x_wconf 62' lang='grc' dir='ltr'>ξ</span> <span class='ocrx_word' id='word_1_253' title='bbox 912 1795 976 1834; x_wconf 93' lang='grc'><em>12.</em></span> <span class='ocrx_word' id='word_1_254' title='bbox 1040 1792 1152 1848; x_wconf 85' lang='lat' dir='ltr'>Aug.</span> <span class='ocrx_word' id='word_1_255' title='bbox 1183 1792 1290 1834; x_wconf 80' lang='lat' dir='ltr'>Gen.</span> <span class='ocrx_word' id='word_1_256' title='bbox 1313 1792 1367 1833; x_wconf 80' lang='lat' dir='ltr'><em>ad</em></span> <span class='ocrx_word' id='word_1_257' title='bbox 1396 1791 1480 1832; x_wconf 68' lang='lat' dir='ltr'><em>liti.</em></span> <span class='ocrx_word' id='word_1_258' title='bbox 1511 1802 1561 1831; x_wconf 88' lang='lat' dir='ltr'><em>IV</em></span> <span class='ocrx_word' id='word_1_259' title='bbox 1604 1789 1711 1847; x_wconf 61' lang='lat'>539.</span> 
     </span>
     <span class='ocr_line' id='line_1_25' title="bbox 152 1860 1710 1918; baseline -0.001 -16"><span class='ocrx_word' id='word_1_260' title='bbox 152 1861 289 1903; x_wconf 80' lang='lat' dir='ltr'><em>Hilar.</em></span> <span class='ocrx_word' id='word_1_261' title='bbox 324 1861 390 1903; x_wconf 77' lang='lat' dir='ltr'><em>De</em></span> <span class='ocrx_word' id='word_1_262' title='bbox 425 1861 542 1902; x_wconf 83' lang='lat' dir='ltr'>Trin.</span> <span class='ocrx_word' id='word_1_263' title='bbox 581 1873 631 1902; x_wconf 87' lang='lat' dir='ltr'><em>IV</em></span> <span class='ocrx_word' id='word_1_264' title='bbox 663 1864 700 1903; x_wconf 90' lang='lat'><em>3.</em></span> <span class='ocrx_word' id='word_1_265' title='bbox 744 1873 793 1902; x_wconf 93' lang='lat' dir='ltr'><em>VI</em></span> <span class='ocrx_word' id='word_1_266' title='bbox 826 1865 850 1903; x_wconf 87' lang='grc'>5</span> <span class='ocrx_word' id='word_1_267' title='bbox 885 1867 965 1903; x_wconf 67' lang='lat' dir='ltr'><em>oet.</em></span> <span class='ocrx_word' id='word_1_268' title='bbox 1016 1861 1304 1918; x_wconf 82' lang='lat' dir='ltr'>Rufin.-Orig.</span> <span class='ocrx_word' id='word_1_269' title='bbox 1339 1860 1476 1902; x_wconf 77' lang='lat' dir='ltr'><em>Prine.</em></span> <span class='ocrx_word' id='word_1_270' title='bbox 1508 1872 1556 1901; x_wconf 83' lang='lat' dir='ltr'><em>IV</em></span> <span class='ocrx_word' id='word_1_271' title='bbox 1589 1863 1610 1900; x_wconf 97' lang='lat'>1</span> <span class='ocrx_word' id='word_1_272' title='bbox 1644 1862 1710 1901; x_wconf 96' lang='lat'>28.</span> 
     </span>
     <span class='ocr_line' id='line_1_26' title="bbox 150 1929 1774 1988; baseline -0.002 -16"><span class='ocrx_word' id='word_1_273' title='bbox 150 1931 264 1973; x_wconf 80' lang='lat' dir='ltr'>Iren.</span> <span class='ocrx_word' id='word_1_274' title='bbox 294 1943 331 1972; x_wconf 87' lang='grc' dir='ltr'><em>ΙΙ</em></span> <span class='ocrx_word' id='word_1_275' title='bbox 363 1934 417 1973; x_wconf 92' lang='grc'>28</span> <span class='ocrx_word' id='word_1_276' title='bbox 446 1929 485 1988; x_wconf 54' lang='grc' dir='ltr'><em>ἐξ</em></span> <span class='ocrx_word' id='word_1_277' title='bbox 507 1933 532 1973; x_wconf 92' lang='grc'>3</span> <span class='ocrx_word' id='word_1_278' title='bbox 561 1931 632 1973; x_wconf 91' lang='lat' dir='ltr'>fin.</span> <span class='ocrx_word' id='word_1_279' title='bbox 656 1933 683 1972; x_wconf 77' lang='lat'><strong>4</strong></span> <span class='ocrx_word' id='word_1_280' title='bbox 712 1946 773 1988; x_wconf 85' lang='lat' dir='ltr'>pr.</span> <span class='ocrx_word' id='word_1_281' title='bbox 798 1934 834 1973; x_wconf 90' lang='lat'><em>5.</em></span> <span class='ocrx_word' id='word_1_282' title='bbox 862 1933 898 1974; x_wconf 91' lang='lat'><em>6.</em></span> <span class='ocrx_word' id='word_1_283' title='bbox 923 1934 975 1973; x_wconf 88' lang='lat'><em>31</em></span> <span class='ocrx_word' id='word_1_284' title='bbox 999 1930 1019 1988; x_wconf 61' lang='grc' dir='ltr'>ξ</span> <span class='ocrx_word' id='word_1_285' title='bbox 1042 1934 1077 1973; x_wconf 93' lang='grc'><em>1.</em></span> <span class='ocrx_word' id='word_1_286' title='bbox 1137 1931 1455 1987; x_wconf 78' lang='lat' dir='ltr'><em>Hier.-Didym.</em></span> <span class='ocrx_word' id='word_1_287' title='bbox 1481 1930 1553 1986; x_wconf 84' lang='lat' dir='ltr'><em>Sp.</em></span> <span class='ocrx_word' id='word_1_288' title='bbox 1578 1930 1620 1972; x_wconf 85' lang='lat' dir='ltr'>S.</span> <span class='ocrx_word' id='word_1_289' title='bbox 1645 1932 1711 1973; x_wconf 89' lang='lat'><em>26.</em></span> <span class='ocrx_word' id='word_1_290' title='bbox 1731 1946 1774 1978; x_wconf 86' lang='lat'><em>25</em></span> 
     </span>
     <span class='ocr_line' id='line_1_27' title="bbox 151 1999 1710 2058; baseline -0.002 -15"><span class='ocrx_word' id='word_1_291' title='bbox 151 2002 243 2043; x_wconf 76' lang='lat' dir='ltr'><em>The</em></span> <span class='ocrx_word' id='word_1_292' title='bbox 276 2007 388 2043; x_wconf 70' lang='lat' dir='ltr'><em>term</em></span> <span class='ocrx_word' id='word_1_293' title='bbox 421 2001 709 2058; x_wconf 74' lang='lat' dir='ltr'><em>disapproved</em></span> <span class='ocrx_word' id='word_1_294' title='bbox 740 2002 799 2058; x_wconf 86' lang='lat' dir='ltr'><em>by</em></span> <span class='ocrx_word' id='word_1_295' title='bbox 830 2002 943 2043; x_wconf 69' lang='lat' dir='ltr'>Iron.</span> <span class='ocrx_word' id='word_1_296' title='bbox 977 2013 1013 2042; x_wconf 86' lang='grc' dir='ltr'><em>ΙΙ</em></span> <span class='ocrx_word' id='word_1_297' title='bbox 1044 2004 1097 2044; x_wconf 91' lang='grc'><em>13</em></span> <span class='ocrx_word' id='word_1_298' title='bbox 1127 2001 1147 2058; x_wconf 61' lang='grc' dir='ltr'>ξ</span> <span class='ocrx_word' id='word_1_299' title='bbox 1175 2004 1211 2042; x_wconf 89' lang='lat'><em>5.</em></span> <span class='ocrx_word' id='word_1_300' title='bbox 1243 2004 1297 2042; x_wconf 92' lang='lat'><em>28</em></span> <span class='ocrx_word' id='word_1_301' title='bbox 1326 1999 1346 2057; x_wconf 63' lang='grc' dir='ltr'>ξ</span> <span class='ocrx_word' id='word_1_302' title='bbox 1376 2003 1399 2043; x_wconf 91' lang='lat'>6</span> <span class='ocrx_word' id='word_1_303' title='bbox 1423 2001 1562 2055; x_wconf 83' lang='lat' dir='ltr'><em>(Baur</em></span> <span class='ocrx_word' id='word_1_304' title='bbox 1588 2012 1603 2040; x_wconf 90' lang='grc' dir='ltr'>Ι</span> <span class='ocrx_word' id='word_1_305' title='bbox 1628 1999 1710 2042; x_wconf 83' lang='grc'><em>172</em></span> 
     </span>
     <span class='ocr_line' id='line_1_28' title="bbox 149 2069 1381 2127; baseline 0 -15"><span class='ocrx_word' id='word_1_306' title='bbox 149 2086 189 2112; x_wconf 89' lang='lat' dir='ltr'>n.</span> <span class='ocrx_word' id='word_1_307' title='bbox 215 2072 299 2125; x_wconf 91' lang='lat'>12).</span> <span class='ocrx_word' id='word_1_308' title='bbox 358 2071 496 2112; x_wconf 65' lang='lat' dir='ltr'><em>Bluni</em></span> <span class='ocrx_word' id='word_1_309' title='bbox 519 2071 659 2127; x_wconf 62' lang='lat' dir='ltr'><em>Righi</em></span> <span class='ocrx_word' id='word_1_310' title='bbox 680 2071 772 2113; x_wconf 77' lang='lat' dir='ltr'><em>Use</em></span> <span class='ocrx_word' id='word_1_311' title='bbox 798 2073 980 2113; x_wconf 86' lang='grc'>162-3,</span> <span class='ocrx_word' id='word_1_312' title='bbox 1047 2069 1169 2127; x_wconf 77' lang='lat' dir='ltr'><em>Kaye</em></span> <span class='ocrx_word' id='word_1_313' title='bbox 1193 2073 1276 2113; x_wconf 81' lang='lat'><em>496</em></span> <span class='ocrx_word' id='word_1_314' title='bbox 1296 2086 1381 2125; x_wconf 76' lang='lat' dir='ltr'><em>seq.</em></span> 
     </span>
    </p>

    <p class='ocr_par' dir='ltr' id='par_1_4' title="bbox 142 2139 1775 2328">
     <span class='ocr_line' id='line_1_29' title="bbox 238 2139 1711 2197; baseline -0.001 -16"><span class='ocrx_word' id='word_1_315' title='bbox 238 2155 277 2196; x_wconf 87' lang='lat' dir='ltr'><em>p.</em></span> <span class='ocrx_word' id='word_1_316' title='bbox 301 2142 356 2182; x_wconf 89' lang='lat'>68</span> <span class='ocrx_word' id='word_1_317' title='bbox 390 2141 412 2181; x_wconf 90' lang='lat' dir='ltr'>l.</span> <span class='ocrx_word' id='word_1_318' title='bbox 437 2142 489 2181; x_wconf 93' lang='grc'><em>31</em></span> <span class='ocrx_word' id='word_1_319' title='bbox 525 2151 729 2181; x_wconf 84' lang='lat' dir='ltr'>VNITATE</span> <span class='ocrx_word' id='word_1_320' title='bbox 758 2140 871 2182; x_wconf 84' lang='lat' dir='ltr'>Adu.</span> <span class='ocrx_word' id='word_1_321' title='bbox 895 2141 1017 2182; x_wconf 76' lang='lat' dir='ltr'>Prax.</span> <span class='ocrx_word' id='word_1_322' title='bbox 1042 2142 1066 2181; x_wconf 94' lang='lat'>2</span> <span class='ocrx_word' id='word_1_323' title='bbox 1089 2155 1128 2197; x_wconf 89' lang='lat' dir='ltr'><em>p.</em></span> <span class='ocrx_word' id='word_1_324' title='bbox 1153 2142 1236 2182; x_wconf 85' lang='lat'><em>229</em></span> <span class='ocrx_word' id='word_1_325' title='bbox 1259 2141 1283 2181; x_wconf 87' lang='lat' dir='ltr'>l.</span> <span class='ocrx_word' id='word_1_326' title='bbox 1309 2141 1362 2182; x_wconf 92' lang='grc'><em>26</em></span> <span class='ocrx_word' id='word_1_327' title='bbox 1387 2139 1461 2180; x_wconf 87' lang='lat' dir='ltr'>Kr.</span> <span class='ocrx_word' id='word_1_328' title='bbox 1485 2140 1609 2194; x_wconf 79' lang='lat' dir='ltr'><em>quasi</em></span> <span class='ocrx_word' id='word_1_329' title='bbox 1629 2154 1711 2180; x_wconf 87' lang='lat' dir='ltr'><em>non</em></span> 
     </span>
     <span class='ocr_line' id='line_1_30' title="bbox 149 2208 1711 2265; baseline 0 -14"><span class='ocrx_word' id='word_1_330' title='bbox 149 2210 209 2252; x_wconf 85' lang='lat' dir='ltr'><em>sio</em></span> <span class='ocrx_word' id='word_1_331' title='bbox 243 2224 402 2265; x_wconf 77' lang='lat' dir='ltr'><em>quoque</em></span> <span class='ocrx_word' id='word_1_332' title='bbox 434 2224 545 2251; x_wconf 72' lang='lat' dir='ltr'><em>‘lmus</em></span> <span class='ocrx_word' id='word_1_333' title='bbox 572 2210 628 2251; x_wconf 87' lang='lat' dir='ltr'><em>sit</em></span> <span class='ocrx_word' id='word_1_334' title='bbox 661 2210 816 2260; x_wconf 87' lang='lat' dir='ltr'><em>omnia,</em></span> <span class='ocrx_word' id='word_1_335' title='bbox 839 2210 942 2251; x_wconf 88' lang='lat' dir='ltr'><em>dum</em></span> <span class='ocrx_word' id='word_1_336' title='bbox 976 2226 1024 2252; x_wconf 70' lang='lat' dir='ltr'><em>ea:</em></span> <span class='ocrx_word' id='word_1_337' title='bbox 1054 2225 1136 2251; x_wconf 84' lang='lat' dir='ltr'><em>uno</em></span> <span class='ocrx_word' id='word_1_338' title='bbox 1169 2210 1325 2259; x_wconf 87' lang='lat' dir='ltr'><em>omnia,</em></span> <span class='ocrx_word' id='word_1_339' title='bbox 1341 2224 1423 2264; x_wconf 78' lang='lat' dir='ltr'><em>per</em></span> <span class='ocrx_word' id='word_1_340' title='bbox 1453 2208 1711 2251; x_wconf 80' lang='lat' dir='ltr'><em>substantiae</em></span> 
     </span>
     <span class='ocr_line' id='line_1_31' title="bbox 142 2279 1775 2328; baseline -0.001 -8"><span class='ocrx_word' id='word_1_341' title='bbox 142 2279 308 2321; x_wconf 64' lang='lat' dir='ltr'><em>&gt;scilicet</em></span> <span class='ocrx_word' id='word_1_342' title='bbox 338 2279 556 2320; x_wconf 85' lang='lat' dir='ltr'><em>unitatem.</em></span> <span class='ocrx_word' id='word_1_343' title='bbox 1729 2297 1775 2328; x_wconf 87' lang='lat'><em>30</em></span> 
     </span>
    </p>

    <p class='ocr_par' dir='ltr' id='par_1_5' title="bbox 143 2347 1772 2891">
     <span class='ocr_line' id='line_1_32' title="bbox 239 2347 1709 2404; baseline 0 -14"><span class='ocrx_word' id='word_1_344' title='bbox 239 2363 278 2404; x_wconf 88' lang='lat' dir='ltr'>p.</span> <span class='ocrx_word' id='word_1_345' title='bbox 302 2350 356 2390; x_wconf 86' lang='lat'>68</span> <span class='ocrx_word' id='word_1_346' title='bbox 390 2348 415 2390; x_wconf 92' lang='grc'><em>1.</em></span> <span class='ocrx_word' id='word_1_347' title='bbox 445 2349 500 2389; x_wconf 86' lang='grc'><em>32</em></span> <span class='ocrx_word' id='word_1_348' title='bbox 527 2359 625 2389; x_wconf 85' lang='lat' dir='ltr'><em>CVM</em></span> <span class='ocrx_word' id='word_1_349' title='bbox 650 2359 823 2390; x_wconf 80' lang='lat' dir='ltr'><strong>RADlVS</strong></span> <span class='ocrx_word' id='word_1_350' title='bbox 850 2360 913 2389; x_wconf 83' lang='lat' dir='ltr'><em>EX</em></span> <span class='ocrx_word' id='word_1_351' title='bbox 946 2360 1056 2390; x_wconf 85' lang='lat' dir='ltr'>SOLE</span> <span class='ocrx_word' id='word_1_352' title='bbox 1087 2354 1167 2390; x_wconf 70' lang='lat' dir='ltr'><em>cet.</em></span> <span class='ocrx_word' id='word_1_353' title='bbox 1225 2347 1338 2389; x_wconf 87' lang='lat' dir='ltr'>Adu.</span> <span class='ocrx_word' id='word_1_354' title='bbox 1366 2348 1487 2392; x_wconf 84' lang='lat' dir='ltr'>Prax.</span> <span class='ocrx_word' id='word_1_355' title='bbox 1514 2350 1540 2389; x_wconf 89' lang='grc'>8</span> <span class='ocrx_word' id='word_1_356' title='bbox 1562 2363 1602 2404; x_wconf 91' lang='lat' dir='ltr'>p.</span> <span class='ocrx_word' id='word_1_357' title='bbox 1626 2350 1709 2390; x_wconf 79' lang='lat'><em>2:39</em></span> 
     </span>
     <span class='ocr_line' id='line_1_33' title="bbox 153 2417 1711 2473; baseline 0.001 -14"><span class='ocrx_word' id='word_1_358' title='bbox 153 2419 178 2460; x_wconf 90' lang='lat' dir='ltr'>l.</span> <span class='ocrx_word' id='word_1_359' title='bbox 204 2419 225 2459; x_wconf 90' lang='lat'><strong>7</strong></span> <span class='ocrx_word' id='word_1_360' title='bbox 253 2418 328 2460; x_wconf 84' lang='lat' dir='ltr'>Kr.</span> <span class='ocrx_word' id='word_1_361' title='bbox 351 2418 501 2460; x_wconf 82' lang='lat' dir='ltr'><em>tertius</em></span> <span class='ocrx_word' id='word_1_362' title='bbox 523 2419 634 2460; x_wconf 90' lang='lat' dir='ltr'><em>enim</em></span> <span class='ocrx_word' id='word_1_363' title='bbox 663 2424 721 2460; x_wconf 86' lang='lat' dir='ltr'><em>est</em></span> <span class='ocrx_word' id='word_1_364' title='bbox 748 2418 941 2473; x_wconf 78' lang='lat' dir='ltr'><em>Spiritus</em></span> <span class='ocrx_word' id='word_1_365' title='bbox 969 2434 996 2460; x_wconf 90' lang='lat' dir='ltr'><em>a</em></span> <span class='ocrx_word' id='word_1_366' title='bbox 1025 2419 1112 2460; x_wconf 92' lang='lat' dir='ltr'><em>Deo</em></span> <span class='ocrx_word' id='word_1_367' title='bbox 1134 2424 1172 2460; x_wconf 88' lang='lat' dir='ltr'><em>et</em></span> <span class='ocrx_word' id='word_1_368' title='bbox 1192 2418 1316 2467; x_wconf 85' lang='lat' dir='ltr'><em>Filio,</em></span> <span class='ocrx_word' id='word_1_369' title='bbox 1337 2417 1655 2460; x_wconf 84' lang='lat' dir='ltr'><em>sicut...tertius</em></span> <span class='ocrx_word' id='word_1_370' title='bbox 1684 2433 1711 2460; x_wconf 88' lang='lat' dir='ltr'><em>a</em></span> 
     </span>
     <span class='ocr_line' id='line_1_34' title="bbox 143 2486 1712 2543; baseline -0.001 -14"><span class='ocrx_word' id='word_1_371' title='bbox 143 2488 236 2530; x_wconf 86' lang='lat' dir='ltr'><em>sole</em></span> <span class='ocrx_word' id='word_1_372' title='bbox 254 2503 362 2543; x_wconf 71' lang='lat' dir='ltr'><em>apex</em></span> <span class='ocrx_word' id='word_1_373' title='bbox 379 2503 428 2530; x_wconf 70' lang='lat' dir='ltr'><em>ew</em></span> <span class='ocrx_word' id='word_1_374' title='bbox 443 2487 580 2529; x_wconf 81' lang='lat' dir='ltr'><em>radio.</em></span> <span class='ocrx_word' id='word_1_375' title='bbox 625 2486 678 2528; x_wconf 86' lang='grc'><em>27</em></span> <span class='ocrx_word' id='word_1_376' title='bbox 694 2502 756 2543; x_wconf 82' lang='lat' dir='ltr'>pr.</span> <span class='ocrx_word' id='word_1_377' title='bbox 776 2488 959 2543; x_wconf 75' lang='lat' dir='ltr'><em>undique</em></span> <span class='ocrx_word' id='word_1_378' title='bbox 975 2489 1086 2529; x_wconf 87' lang='lat' dir='ltr'><em>enim</em></span> <span class='ocrx_word' id='word_1_379' title='bbox 1104 2487 1270 2529; x_wconf 82' lang='lat' dir='ltr'><em>obducti</em></span> <span class='ocrx_word' id='word_1_380' title='bbox 1284 2486 1550 2528; x_wconf 85' lang='lat' dir='ltr'><em>distinetione</em></span> <span class='ocrx_word' id='word_1_381' title='bbox 1564 2487 1712 2541; x_wconf 84' lang='lat' dir='ltr'><em>patris</em></span> 
     </span>
     <span class='ocr_line' id='line_1_35' title="bbox 144 2556 1712 2614; baseline -0.001 -14"><span class='ocrx_word' id='word_1_382' title='bbox 144 2564 190 2600; x_wconf 82' lang='lat' dir='ltr'><em>et</em></span> <span class='ocrx_word' id='word_1_383' title='bbox 213 2558 316 2614; x_wconf 87' lang='lat' dir='ltr'><em>filii,</em></span> <span class='ocrx_word' id='word_1_384' title='bbox 339 2573 470 2613; x_wconf 75' lang='lat' dir='ltr'><em>quam</em></span> <span class='ocrx_word' id='word_1_385' title='bbox 496 2563 688 2599; x_wconf 83' lang='lat' dir='ltr'><em>manente</em></span> <span class='ocrx_word' id='word_1_386' title='bbox 715 2558 1003 2599; x_wconf 79' lang='lat' dir='ltr'><em>coniunctione</em></span> <span class='ocrx_word' id='word_1_387' title='bbox 1032 2557 1311 2612; x_wconf 81' lang='lat' dir='ltr'><em>disponimus,</em></span> <span class='ocrx_word' id='word_1_388' title='bbox 1334 2562 1381 2598; x_wconf 84' lang='lat' dir='ltr'><em>ut</em></span> <span class='ocrx_word' id='word_1_389' title='bbox 1407 2556 1508 2598; x_wconf 89' lang='lat' dir='ltr'><em>solis</em></span> <span class='ocrx_word' id='word_1_390' title='bbox 1530 2562 1567 2598; x_wconf 91' lang='lat' dir='ltr'><em>et</em></span> <span class='ocrx_word' id='word_1_391' title='bbox 1588 2556 1712 2598; x_wconf 85' lang='lat' dir='ltr'><em>radii</em></span> 
     </span>
     <span class='ocr_line' id='line_1_36' title="bbox 152 2624 1772 2683; baseline -0.001 -15"><span class='ocrx_word' id='word_1_392' title='bbox 152 2633 190 2668; x_wconf 85' lang='lat' dir='ltr'><em>et</em></span> <span class='ocrx_word' id='word_1_393' title='bbox 215 2627 357 2683; x_wconf 84' lang='lat' dir='ltr'><em>fontis</em></span> <span class='ocrx_word' id='word_1_394' title='bbox 393 2633 430 2668; x_wconf 85' lang='lat' dir='ltr'><em>et</em></span> <span class='ocrx_word' id='word_1_395' title='bbox 454 2627 599 2682; x_wconf 58' lang='lat' dir='ltr'><em>ufluuii.</em></span> <span class='ocrx_word' id='word_1_396' title='bbox 662 2626 819 2668; x_wconf 68' lang='lat' dir='ltr'><em>Iustin.</em></span> <span class='ocrx_word' id='word_1_397' title='bbox 857 2626 969 2669; x_wconf 80' lang='lat' dir='ltr'>Dial.</span> <span class='ocrx_word' id='word_1_398' title='bbox 1008 2641 1041 2669; x_wconf 83' lang='lat' dir='ltr'>c.</span> <span class='ocrx_word' id='word_1_399' title='bbox 1079 2626 1239 2682; x_wconf 87' lang='lat' dir='ltr'>Tryph.</span> <span class='ocrx_word' id='word_1_400' title='bbox 1277 2627 1329 2667; x_wconf 89' lang='lat'>61</span> <span class='ocrx_word' id='word_1_401' title='bbox 1369 2641 1408 2681; x_wconf 87' lang='lat' dir='ltr'>p.</span> <span class='ocrx_word' id='word_1_402' title='bbox 1447 2624 1568 2667; x_wconf 76' lang='lat' dir='ltr'><em>284¹DC</em></span> <span class='ocrx_word' id='word_1_403' title='bbox 1602 2626 1710 2668; x_wconf 72' lang='lat' dir='ltr'><em>Otto</em></span> <span class='ocrx_word' id='word_1_404' title='bbox 1728 2642 1772 2673; x_wconf 83' lang='lat'><em>35</em></span> 
     </span>
     <span class='ocr_line' id='line_1_37' title="bbox 153 2693 1708 2752; baseline 0 -15"><span class='ocrx_word' id='word_1_405' title='bbox 153 2696 208 2737; x_wconf 84' lang='lat' dir='ltr'><em>ad</em></span> <span class='ocrx_word' id='word_1_406' title='bbox 249 2697 274 2738; x_wconf 86' lang='grc'><em>1.</em></span> <span class='ocrx_word' id='word_1_407' title='bbox 316 2697 367 2738; x_wconf 82' lang='lat' dir='ltr'>Cf.</span> <span class='ocrx_word' id='word_1_408' title='bbox 412 2699 494 2737; x_wconf 87' lang='lat'><em>128</em></span> <span class='ocrx_word' id='word_1_409' title='bbox 536 2695 675 2751; x_wconf 69' lang='grc' dir='ltr'>λόγον</span> <span class='ocrx_word' id='word_1_410' title='bbox 710 2695 798 2752; x_wconf 60' lang='grc' dir='ltr'><em>«γάρ</em></span> <span class='ocrx_word' id='word_1_411' title='bbox 841 2714 942 2738; x_wconf 82' lang='grc' dir='ltr'>τινα</span> <span class='ocrx_word' id='word_1_412' title='bbox 982 2696 1334 2751; x_wconf 73' lang='grc' dir='ltr'>προβάλλοντες,</span> <span class='ocrx_word' id='word_1_413' title='bbox 1375 2693 1512 2749; x_wconf 64' lang='grc' dir='ltr'>λόγον</span> <span class='ocrx_word' id='word_1_414' title='bbox 1550 2697 1708 2750; x_wconf 77' lang='grc' dir='ltr'>Ὑεννῶ-</span> 
     </span>
     <span class='ocr_line' id='line_1_38' title="bbox 153 2763 1709 2819; baseline -0.001 -12"><span class='ocrx_word' id='word_1_415' title='bbox 153 2784 244 2818; x_wconf 81' lang='grc' dir='ltr'><em>μεν,</em></span> <span class='ocrx_word' id='word_1_416' title='bbox 279 2764 327 2807; x_wconf 78' lang='grc' dir='ltr'><em>οὐ</em></span> <span class='ocrx_word' id='word_1_417' title='bbox 369 2765 465 2808; x_wconf 84' lang='grc' dir='ltr'>κατ’</span> <span class='ocrx_word' id='word_1_418' title='bbox 510 2766 753 2819; x_wconf 83' lang='grc' dir='ltr'>ἀποτομήν,</span> <span class='ocrx_word' id='word_1_419' title='bbox 787 2765 843 2811; x_wconf 83' lang='grc' dir='ltr'><em>ὡς</em></span> <span class='ocrx_word' id='word_1_420' title='bbox 879 2765 1186 2818; x_wconf 81' lang='grc' dir='ltr'>ἐλαττωθῆναι</span> <span class='ocrx_word' id='word_1_421' title='bbox 1229 2763 1304 2807; x_wconf 81' lang='grc' dir='ltr'><em>τὸν</em></span> <span class='ocrx_word' id='word_1_422' title='bbox 1341 2764 1386 2806; x_wconf 87' lang='grc' dir='ltr'><em>ἐν</em></span> <span class='ocrx_word' id='word_1_423' title='bbox 1423 2765 1527 2818; x_wconf 81' lang='grc' dir='ltr'>ἡμῖν</span> <span class='ocrx_word' id='word_1_424' title='bbox 1564 2763 1709 2819; x_wconf 70' lang='grc' dir='ltr'>λόγον,</span> 
     </span>
     <span class='ocr_line' id='line_1_39' title="bbox 144 2832 1708 2891; baseline 0 -15"><span class='ocrx_word' id='word_1_425' title='bbox 144 2835 528 2891; x_wconf 68' lang='grc' dir='ltr'>προβαλλόμενοι.</span> <span class='ocrx_word' id='word_1_426' title='bbox 581 2835 656 2878; x_wconf 81' lang='grc' dir='ltr'><em>καὶ</em></span> <span class='ocrx_word' id='word_1_427' title='bbox 687 2833 842 2877; x_wconf 84' lang='grc' dir='ltr'>ὁποῖον</span> <span class='ocrx_word' id='word_1_428' title='bbox 872 2835 946 2877; x_wconf 84' lang='grc' dir='ltr'><em>ἐπὶ</em></span> <span class='ocrx_word' id='word_1_429' title='bbox 973 2833 1110 2891; x_wconf 74' lang='grc' dir='ltr'>πυρὸς</span> <span class='ocrx_word' id='word_1_430' title='bbox 1140 2832 1307 2891; x_wconf 79' lang='grc' dir='ltr'>ὁρῶμεν</span> <span class='ocrx_word' id='word_1_431' title='bbox 1336 2833 1448 2876; x_wconf 70' lang='grc' dir='ltr'>ἄλλο</span> <span class='ocrx_word' id='word_1_432' title='bbox 1470 2833 1708 2889; x_wconf 62' lang='grc' dir='ltr'>Ύιτκὸμενον,</span> 
     </span>
    </p>

    <p class='ocr_par' dir='ltr' id='par_1_6' title="bbox 1468 2921 1597 2958">
     <span class='ocr_line' id='line_1_40' title="bbox 1468 2921 1597 2958; baseline 0 0"><span class='ocrx_word' id='word_1_433' title='bbox 1468 2921 1597 2958; x_wconf 85' lang='grc'><em>19-2</em></span> 
     </span>
    </p>
   </div>
  </div>
 </body>
</html>
