1975 3306
303 163 385 203 228
875 159 1283 201 TERTVLLIANI
1540 160 1600 214 [p.
1626 160 1730 202 441.
1756 162 1867 202 21—

392 292 432 333 p.
455 279 511 318 44
544 277 567 318 l.
593 278 643 317 21
680 291 711 318 c.
736 278 791 318 46
823 290 863 332 p.
892 277 976 317 128
1009 276 1032 317 l.
1058 276 1080 316 7
1116 276 1164 316 of
1189 274 1502 331 philosophers,
1533 275 1633 331 quin
1666 276 1797 317 immo
1830 281 1868 318 et

305 347 402 390 deos
442 352 604 389 uestros
649 347 807 402 palam
848 346 1072 388 destruunt
1112 351 1150 387 et
1190 345 1508 400 superstitiones
1553 351 1718 387 uestras
1760 360 1867 386 com-

305 417 530 459 mentariis
557 431 717 472 quoque
740 421 954 466 accusant,
979 414 1256 457 laudantibus
1284 414 1411 457 uobis.
1475 414 1641 457 Seneca
1662 414 1730 457 Fr.
1753 416 1868 457 30-

304 490 361 529 44
391 490 466 542 (111
499 486 672 528 424-7
698 487 866 539 Haase)
899 501 975 542 eg.
1008 501 1074 542 ap.
1098 486 1211 541 Aug.
1245 485 1299 527 de
1331 485 1412 528 ciu.
1447 486 1531 528 Dei
1560 498 1610 527 VI
1636 488 1690 528 10
1721 487 1757 540 (I
1782 485 1865 528 267

262 575 282 606 5
307 559 499 612 13—18)
520 573 676 607 sacros,
697 557 847 613 inquit,
869 556 1131 606 inmortales,
1158 556 1430 598 inuiolabiles
1458 556 1503 598 in
1531 557 1718 598 materia
1747 556 1868 598 uilis-

303 630 416 672 sima
439 635 562 684 atque
584 628 781 670 inmobili
802 627 1013 676 dedicant,
1035 626 1205 668 habitus
1226 626 1316 667 illis
1343 626 1484 668 homin
1494 642 1563 667 um
1581 625 1870 682 ferarumque

305 705 342 742 et
357 699 558 754 piscium,
581 698 760 754 quidam
782 712 881 739 uero
904 696 1036 738 mioeto
1057 710 1169 745 semu,
1187 695 1373 738 diuersis
1389 695 1635 751 corporibus
1655 695 1868 746 induunt;

306 770 487 811 numina
528 773 693 816 uocant,
729 781 836 822 quae
877 767 915 808 si
958 765 1120 821 spiritu
1161 771 1327 822 accepto
1365 771 1642 814 occurrerent,
1678 771 1869 808 monstra

306 839 568 881 haberentur.
631 851 697 893 ap.
731 836 849 878 Lacb.
882 847 898 877 Ι
933 838 986 878 16
1018 833 1038 892 ἓ
1070 838 1136 877 10.

239 927 282 949 10
394 919 602 958 ALIQVEM
636 923 668 949 c.
692 909 746 949 50
769 922 862 949 am.
887 907 1037 962 aliqua
1062 906 1341 961 Carthayinis
1363 907 1587 949 conditriw.

394 994 432 1035 p.
456 978 558 1019 441.
584 979 637 1018 23
671 976 825 1018 Melibo
862 976 927 1030 (in
965 976 1074 1018 Otto
1110 975 1292 1032 Apolog.
1326 987 1377 1017 ΙΧ
1410 979 1494 1017 413
1527 977 1574 1017 fr.
1609 978 1633 1017 2
1654 975 1866 1018 :Chron

307 1048 454 1090 Pasch.
477 1063 516 1104 p.
540 1049 625 1089 483
649 1047 800 1101 Dind.)
831 1044 909 1088 οὐκ
939 1045 1074 1101 ἐσμὲν
1102 1043 1244 1087 λίθων
1272 1044 1477 1101 οὐδεμίαν
1506 1045 1723 1098 αἴσθησιν
1744 1044 1866 1103 ἐχόν-

306 1136 393 1161 των
428 1115 719 1174 θεραπευταί·
767 1114 890 1158 ἀλλὰ
920 1113 1057 1171 μόνου
1095 1115 1197 1157 θεοῦ
1234 1117 1312 1157 τοῦ
1349 1113 1436 1172 πρὸ
1474 1115 1655 1158 πάντων
1686 1115 1762 1158 καὶ
1794 1116 1869 1158 ἐπὶ

305 1188 501 1238 πάντων,
523 1187 599 1229 καὶ
629 1189 707 1229 τοῦ
735 1187 940 1240 Χριστοῦ
970 1183 1107 1227 αὐτοῦ
1138 1185 1261 1229 ὄντος
1285 1185 1386 1227 θεοῦ
1413 1183 1551 1238 λόγου
1573 1184 1659 1240 πρὸ
1682 1185 1866 1234 αἰώνων,

242 1275 284 1307 15
306 1259 440 1314 ἐσμὲν
471 1256 756 1315 θρησκευταί.
818 1256 979 1298 Tabian
1001 1258 1028 1297 4
1050 1254 1069 1312 ἓ
1093 1259 1117 1297 2
1140 1258 1237 1300 ’πῶς
1260 1255 1304 1297 δὲ
1328 1255 1443 1309 ξύλα
1464 1256 1540 1298 καὶ
1568 1254 1721 1302 λίθους
1745 1255 1868 1302 θεοὺς

305 1330 625 1385 ἀποφανοῦμαι
639 1346 652 1377 ,·
687 1327 841 1369 Melito
863 1328 935 1381 (ex
959 1326 1052 1383 Syr.
1076 1326 1202 1382 Apol.
1220 1328 1245 1368 3
1268 1326 1313 1367 in
1337 1326 1445 1368 Otto
1468 1338 1519 1367 IX
1542 1328 1648 1380 424)
1670 1327 1868 1376 homines,

306 1415 400 1442 cuni
435 1399 560 1441 deum
603 1403 864 1454 quaererent,
902 1396 1166 1452 offenderunt
1207 1397 1253 1437 in
1296 1396 1463 1452 lapides
1500 1403 1537 1439 et
1580 1397 1755 1452 liynum.
1818 1398 1868 1439 cf.

306 1469 523 1525 Athenag.
550 1467 601 1509 17
626 1468 695 1520 (cf.
722 1468 796 1521 15)
817 1470 873 1521 7⁷3
897 1468 1039 1508 ταῦτα
1068 1466 1143 1508 καὶ
1172 1464 1292 1507 λίθοι
1322 1465 1397 1508 καὶ
1425 1466 1522 1518 ὕλη.
1586 1466 1721 1509 Clem.
1744 1467 1866 1509 Alex,

307 1539 499 1595 Protrep.
523 1540 550 1579 4
571 1537 590 1595 ξ
614 1540 667 1580 56
700 1535 871 1595 χρυσός
904 1538 1001 1579 ἐστι
1029 1536 1079 1579 τὸ
1109 1535 1296 1592 ἅνγαλμά
1325 1554 1419 1587 σου,
1452 1536 1587 1591 ξύλον
1611 1536 1718 1588 ἐστί,
1744 1536 1869 1584 λίθος

242 1627 286 1649 20
308 1607 417 1657 ἐστί,
451 1611 507 1662 νγῆ
541 1605 678 1650 ἐστίν.
742 1606 1007 1662 Theophil.1
1033 1609 1068 1648 1.
1131 1605 1288 1648 Iustin.
1321 1606 1448 1662 Apol.
1480 1618 1495 1647 Ι
1524 1609 1560 1648 9.
1623 1606 1734 1649 Dial.
1768 1623 1865 1649 cum

307 1679 465 1736 Tryph.
490 1681 557 1720 35.
603 1678 682 1734 Ep.
705 1678 759 1718 ad
782 1677 986 1733 Diognet.
1013 1678 1049 1718 2.
1095 1678 1143 1718 cf.
1167 1676 1322 1718 Melino
1344 1691 1375 1718 c.
1401 1679 1426 1717 4
1448 1692 1488 1733 p.
1511 1679 1595 1719 425
1619 1678 1704 1719 and
1727 1677 1869 1719 Otto's

306 1765 345 1790 n.
390 1751 474 1789 114
516 1749 574 1804 (p.
618 1749 702 1789 463
747 1748 804 1801 5).
866 1747 1026 1788 Arnob.
1070 1758 1120 1788 VI
1164 1750 1218 1788 14
1257 1749 1309 1788 16
1350 1745 1415 1789 17.
1478 1746 1598 1790 Laot.
1637 1759 1670 1788 ΙΙ
1710 1750 1734 1788 2
1774 1746 1793 1804 ἓ
1832 1751 1866 1790 1.

306 1831 336 1860 V
362 1821 414 1860 12
437 1816 457 1875 ξ
481 1821 533 1859 12
557 1833 652 1860 cum
674 1818 742 1860 dis
763 1818 853 1859 suis
874 1818 1104 1859 araneosis.
1150 1817 1282 1858 Keim
1305 1832 1360 1858 on
1383 1816 1547 1874 Origen
1565 1833 1596 1859 c.
1617 1817 1727 1861 Cels.
1751 1829 1766 1858 Ι
1788 1818 1808 1874 ξ
1830 1821 1866 1860 5.

307 1901 375 1930 vn
405 1887 424 1946 ἓ
446 1891 512 1931 62.
547 1900 600 1929 111
629 1886 669 1946 §g
691 1887 744 1930 76
769 1889 793 1930 f.

243 1974 286 2006 25
395 1974 434 2015 p.
458 1958 559 2000 441.
585 1960 640 1999 24
672 1969 807 1999 MILVI
844 1963 923 1999 cet).
987 1956 1123 1999 Clem.
1160 1957 1289 1998 Hom.
1328 1968 1359 1997 Χ
1396 1960 1461 1999 22.
1524 1957 1684 1999 Minue.
1719 1960 1773 1998 24
1801 1956 1820 2014 ξ
1845 1961 1864 1999 1

309 2035 464 2085 quanto
488 2029 633 2071 uerius
656 2029 706 2071 de
724 2029 791 2070 dis
815 2029 966 2070 uestris
988 2028 1205 2070 animalia
1227 2034 1346 2070 muta
1364 2028 1624 2070 naturaliter
1644 2028 1868 2071 iudicant?

308 2115 450 2142 mures
471 2098 725 2140 hirundines
752 2099 891 2147 milui,
915 2113 996 2140 non
1024 2098 1180 2140 sentire
1209 2113 1274 2140 eos
1302 2099 1451 2148 sciunt,
1472 2104 1627 2140 norunt
1653 2099 1870 2141 inculcant

308 2170 495 2211 insident
536 2185 597 2219 ac,
640 2170 727 2211 nisi
767 2169 962 2224 abigyatis,
1004 2169 1051 2209 in
1092 2169 1185 2224 ipso
1232 2168 1302 2210 dei
1343 2169 1477 2211 uestri
1518 2183 1589 2211 ore
1630 2168 1868 2224 nidificant.

309 2255 496 2282 araneae
529 2255 629 2282 uero
660 2239 827 2295 faciem
864 2240 954 2281 eius
987 2240 1179 2281 inteoeunt
1213 2245 1251 2281 et
1292 2238 1343 2280 de
1379 2240 1470 2294 ipso
1502 2238 1640 2294 capite
1670 2254 1750 2280 sua
1781 2239 1867 2295 fila

245 2327 290 2358 30
309 2311 581 2366 suspendunt,
614 2326 689 2353 uos
721 2311 886 2366 teryitis
917 2310 1138 2351 mundatis
1169 2309 1361 2352 eraditis.
1423 2309 1584 2352 Arnob.
1617 2321 1665 2350 VI
1700 2311 1753 2351 16
1785 2325 1869 2352 non

314 2381 464 2422 uidetis
491 2380 565 2422 sub
596 2381 776 2422 istorum
805 2380 1141 2422 simulacrorum
1171 2380 1315 2422 caueis
1345 2379 1559 2421 stelliones
1579 2379 1733 2421 sorices
1761 2379 1868 2421 blat-

310 2457 454 2505 tasque
477 2450 693 2505 lucifugyas
714 2449 966 2491 nidamenta
984 2464 1143 2505 ponere
1165 2456 1288 2505 atque
1310 2449 1515 2499 habitare,
1536 2449 1768 2504 spurcitias
1789 2449 1869 2491 huc

311 2535 451 2562 omnes
479 2526 602 2575 atque
630 2520 723 2560 alia
752 2519 895 2561 usibus
917 2519 1236 2561 accommodata
1266 2518 1800 2561 conducere...nidulorum
1822 2519 1868 2559 in

311 2589 533 2631 mollitiem
565 2588 742 2630 sollicite
775 2589 1029 2631 miserorum
1058 2587 1254 2644 fomenta
1283 2589 1539 2643 pullorum?
1597 2603 1679 2629 non
1716 2589 1762 2629 in
1797 2603 1869 2631 ore

248 2668 290 2700 35
312 2658 546 2713 aliquando
587 2658 815 2700 simulacri
851 2657 903 2699 ab
940 2657 1115 2699 araneis
1157 2657 1298 2699 ordiri
1338 2657 1448 2699 retia
1484 2663 1607 2712 atque
1642 2657 1867 2700 insidiosos

312 2743 447 2770 casses
468 2728 617 2783 quibus
638 2729 805 2770 uolatus
826 2728 1034 2770 innectere
1049 2728 1339 2770 stridularum
1354 2728 1520 2783 possint
1535 2728 1865 2783 impudentium-

313 2813 389 2853 que
422 2799 698 2839 muscarum?
758 2814 840 2840 non
877 2798 1128 2840 hirundines
1164 2798 1341 2854 denique
1381 2799 1499 2840 intra
1539 2798 1654 2854 ipsos
1694 2798 1867 2840 aedium

313 2868 666 2911 circumuolantes
703 2868 835 2911 tholos
876 2868 1113 2911 iacularier
1147 2869 1345 2910 stercoris
1385 2868 1625 2924 sssplenas,‡
1665 2873 1702 2910 et
1742 2867 1866 2910 modo
