1975 3306
287 207 341 246 34
868 206 1273 248 TERTVLLIANI

285 326 431 362 uester
471 321 742 372 Christianis,
785 322 861 377 qui
900 336 955 362 ne
995 321 1253 363 animalium
1294 321 1473 376 quidem
1512 321 1770 377 sanguinem
1810 322 1856 363 in

288 402 426 457 epulis
457 402 690 443 esculentis
721 402 947 453 habemus,
981 402 1056 457 qui
1087 407 1319 457 propterea
1349 402 1577 443 suffocatis
1606 416 1782 457 quoque
1812 406 1857 443 et

288 480 530 522 morticinis
563 480 851 532 abstinemus,
887 496 942 522 ne
976 496 1062 536 quo
1097 481 1228 523 modo
1261 481 1473 537 sanguine
1506 481 1857 522 contaminemur

287 559 357 601 uel
388 560 505 601 intra
535 560 702 601 uiscera
733 560 920 615 sepulto.
982 560 1184 615 Denique
1213 560 1328 601 inter
1358 565 1684 615 temptamenta
1715 559 1867 613 Chris-⁵

288 638 511 679 tianorum
540 638 717 680 botulos
746 638 881 680 etiam
910 653 1061 680 cruore
1090 639 1307 680 distensos
1335 638 1596 689 admonetis,
1628 638 1856 680 certissimi
1877 650 1897 682 5

286 716 452 758 scilicet
472 717 690 758 inlicitum
714 731 804 758 6886
827 731 959 772 penes
980 717 1076 758 illos
1099 732 1175 772 per
1198 717 1316 772 quod
1340 718 1588 759 exorbitare
1611 732 1683 759 eos
1705 717 1854 758 uultis.

287 796 422 837 Porro
452 797 581 851 quale
610 802 688 846 est,
720 802 771 838 ut
800 811 909 852 quos
938 797 1196 852 sanguinem
1224 796 1392 851 pecoris
1420 797 1593 837 horrere
1621 796 1854 845 confiditis,

286 873 481 915 humano
517 875 685 916 inhiare
723 875 924 925 credatis,
963 875 1045 916 nisi
1082 875 1196 916 forte
1232 875 1481 916 suauiorem
1519 889 1618 916 eum
1656 874 1853 929 experti?

288 954 429 1005 Quem
459 956 637 1011 quidem
668 962 713 997 et
740 956 887 1011 ipsum
917 956 1100 1011 proinde
1131 957 1478 998 examinatorem
1509 955 1856 997 Christianorum

288 1036 486 1078 adhiberi
528 1037 765 1092 oportebat
805 1042 857 1078 ut
897 1036 1105 1087 foculum,
1150 1042 1201 1078 ut
1241 1051 1449 1078 acerram.
1511 1037 1699 1078 Proinde
1741 1037 1855 1078 enim
1881 1055 1924 1078 10

286 1118 580 1172 probarentur
615 1118 874 1174 sanguinem
911 1118 1155 1159 humanum
1191 1118 1442 1174 adpetendo
1480 1118 1855 1174 quemadmodum

285 1199 546 1241 sacrificium
591 1200 850 1255 respuendo,
899 1200 1094 1255 alioquin
1140 1200 1329 1255 negandi
1374 1200 1409 1241 si
1454 1215 1543 1241 non
1588 1205 1853 1255 gustassent,

285 1282 662 1336 quemadmodum
689 1282 723 1323 si
750 1281 1065 1332 immolassent,
1096 1287 1140 1323 et
1166 1270 1321 1337 utique
1346 1297 1435 1324 non
1462 1282 1633 1324 deesset
1658 1282 1785 1323 uobis
1810 1282 1855 1323 in

285 1363 512 1404 auditione
527 1363 829 1405 custodiarum
845 1368 888 1404 et
904 1363 1190 1404 damnatione
1206 1363 1382 1419 sanguis
1398 1363 1631 1404 humanus.
1668 1363 1855 1405 Proinde

283 1445 440 1486 incesti
466 1445 541 1500 qui
566 1445 704 1501 magis
730 1459 864 1500 quam
890 1459 999 1499 quos
1022 1445 1115 1500 ipse
1140 1444 1311 1499 Iupiter
1335 1444 1512 1486 docuit?
1577 1444 1730 1486 Persas
1755 1459 1854 1486 cum
1879 1463 1920 1494 15

283 1526 374 1567 suis
390 1527 608 1568 matribus
626 1526 795 1567 misceri
814 1526 980 1567 Ctesias
997 1525 1143 1567 refert.
1205 1525 1290 1567 Sed
1308 1531 1352 1567 et
1369 1525 1630 1567 Macedones
1647 1527 1852 1581 suspecti,

284 1607 401 1661 quia,
443 1621 544 1648 cum
582 1607 774 1662 primum
814 1606 1033 1661 Oedipum
1071 1606 1344 1662 tragoediam
1383 1606 1622 1656 audissent,
1662 1606 1854 1648 ridentes

282 1688 438 1730 incesti
466 1689 675 1739 dolorem,
696 1687 912 1738 ‘'Hkavve,
938 1687 1159 1738 dicebant,
1185 1686 1245 1732 εἰς
1267 1685 1347 1739 τὴν
1368 1685 1551 1743 μητέρα.
1613 1688 1709 1728 Iam
1737 1703 1854 1729 nunc

284 1769 525 1826 recogitate
575 1775 795 1825 quantum
844 1770 975 1811 liceat
1025 1769 1242 1810 erroribus
1292 1768 1349 1810 ad
1398 1769 1566 1810 incesta
1617 1769 1853 1818 miscenda,

283 1850 600 1905 suppeditante
645 1851 853 1892 materias
898 1850 1160 1905 passiuitate
1203 1849 1415 1891 luxuriae.
1476 1849 1699 1904 Imprimis
1743 1850 1854 1892 filios
1875 1868 1921 1891 20

285 1932 504 1987 exponitis
552 1931 852 1987 suscipiendos
900 1931 956 1973 ab
1006 1932 1153 1986 aliqua
1202 1935 1510 1986 praetereunte
1558 1931 1852 1973 misericordia

283 2018 508 2063 extranea,
546 2013 616 2054 uel
652 2013 932 2068 adoptandos
968 2012 1220 2053 melioribus
1254 2011 1513 2067 parentibus
1549 2012 1849 2067 emancipatis.

285 2094 476 2136 Alienati
502 2095 670 2150 generis
696 2108 870 2136 necesse
896 2099 963 2135 est
989 2093 1255 2149 quandoque
1282 2092 1538 2134 memoriam
1565 2093 1779 2148 dissipari,
1809 2100 1851 2135 et

282 2175 414 2216 simul
431 2189 547 2216 error
562 2175 790 2231 inpegerit,
810 2174 967 2216 exinde
982 2175 1071 2215 iam
1088 2173 1251 2215 tradux
1267 2173 1467 2228 proficiet
1480 2173 1635 2214 incesti
1651 2179 1851 2228 serpente

282 2269 439 2311 genere
475 2270 575 2297 cum
610 2257 780 2298 scelere.
843 2257 965 2297 Tunc
1000 2255 1157 2297 deinde
1193 2268 1457 2310 quocunque
1491 2254 1536 2295 in
1571 2255 1678 2304 loco,
1716 2255 1848 2306 domi,
1873 2275 1916 2306 25

284 2352 473 2393 peregre,
502 2344 624 2380 trans
650 2338 762 2380 freta
789 2352 933 2379 6011168
959 2343 1025 2379 est
1049 2337 1198 2387 libido,
1227 2337 1349 2378 cuius
1375 2336 1538 2391 ubique
1562 2336 1700 2378 saltus
1725 2337 1851 2378 facile

285 2425 472 2474 possunt
510 2420 669 2461 alicubi
708 2420 870 2475 ignaris
908 2420 1019 2461 filios
1059 2433 1247 2475 pangere
1287 2419 1355 2460 uel
1397 2433 1449 2459 ex
1489 2418 1636 2473 aliqua
1675 2419 1851 2461 seminis

287 2500 501 2554 portione,
521 2505 572 2541 ut
587 2500 651 2541 ita
668 2514 868 2555 sparsum
885 2514 1021 2555 genus
1038 2513 1114 2554 per
1131 2499 1390 2554 commercia
1408 2498 1601 2540 humana
1619 2505 1851 2541 concurrat

286 2581 331 2621 in
357 2580 588 2621 memorias
613 2594 727 2630 suas,
754 2595 896 2636 neque
922 2595 994 2622 eas
1019 2594 1173 2622 caecus
1197 2579 1352 2621 incesti
1377 2580 1600 2635 sanguinis
1625 2586 1847 2635 agnoscat.

287 2662 379 2703 Nos
404 2661 459 2703 ab
486 2662 570 2703 isto
598 2667 761 2704 euentu
787 2662 1119 2717 diligentissima
1146 2667 1191 2702 et
1216 2661 1466 2702 fidelissima
1493 2661 1674 2702 castitas
1700 2662 1847 2716 sepsit,
1871 2679 1917 2711 30

287 2748 594 2798 quantumque
617 2743 672 2784 ab
697 2744 862 2798 stupris
887 2748 931 2784 et
954 2743 1010 2784 ab
1035 2742 1152 2784 omni
1178 2747 1278 2797 post
1302 2743 1633 2783 matrimonium
1657 2757 1847 2794 excessu,

287 2829 466 2865 tantum
485 2805 601 2865 &ab
620 2823 774 2865 incesti
793 2838 896 2865 casu
915 2824 1002 2865 tuti
1021 2837 1184 2864 sumus.
1249 2822 1437 2872 Quidam
1456 2823 1596 2864 multo
1615 2823 1850 2864 securiores

287 2909 431 2946 totam
465 2904 556 2945 uim
592 2904 720 2946 huius
755 2905 908 2946 erroris
943 2904 1109 2958 uirgine
1145 2903 1416 2944 continentia
1452 2902 1690 2958 depellunt,
1727 2918 1850 2946 senes
