1975 3306
245 166 298 207 88
824 166 1230 208 TERTVLLIANI

243 283 363 337 apud
398 282 603 324 Sirmium
638 282 902 338 reipublicae
937 288 1142 338 exempto
1177 283 1247 324 die
1281 288 1406 324 sexto
1441 282 1610 324 decimo
1645 282 1806 323 Kalen-

242 352 398 393 darum
428 353 645 407 Aprilium
676 352 937 408 archigallus
966 353 1037 393 ille
1067 353 1368 394 sanctissimus
1399 352 1468 394 die
1498 367 1613 393 nono
1645 352 1805 393 Kalen-

241 422 398 463 darum
439 422 690 472 earundem,
734 437 821 477 quo
861 422 1119 478 sanguinem
1158 423 1366 478 inpurum
1406 422 1592 464 lacertos
1632 437 1807 477 quoque

242 492 476 533 castrando
503 492 686 542 libabat,
717 507 795 547 pro
823 492 965 534 salute
992 492 1270 548 imperatoris
1297 492 1431 534 Marci
1458 492 1547 533 iam
1574 492 1806 547 intercepti

240 562 370 603 solita
400 576 540 617 aeque
568 562 753 617 imperia
783 562 1029 604 mandauit.
1093 562 1128 604 O
1159 562 1338 604 nuntios
1369 562 1541 604 tardos!
1591 577 1615 603 o
1646 562 1804 603 somni·
1825 576 1845 607 5

241 632 388 673 culosa
429 632 696 687 diplomata!
755 646 943 687 quorum
983 632 1094 673 uitio
1136 646 1361 673 excessum
1401 632 1678 687 imperatoris
1718 646 1807 673 non

239 707 343 743 ante
369 701 529 756 Cybele
554 702 774 757 cognouit,
801 716 856 743 ne
880 702 1009 743 deam
1034 702 1169 743 talem
1193 702 1386 743 riderent
1411 702 1659 743 Christiani.
1721 701 1806 743 Sed

238 786 326 812 non
356 772 510 813 statim
539 777 583 813 et
611 772 782 827 Iupiter
809 772 985 813 Cretam
1013 786 1139 813 suam
1168 772 1382 813 Romanis
1410 771 1601 813 fascibus
1630 771 1806 813 concuti

238 847 411 897 sineret,
451 847 615 888 oblitus
651 852 831 888 antrum
867 847 975 888 illud
1012 847 1197 888 Idaeum
1236 853 1281 888 et
1316 862 1417 888 aera
1455 846 1724 902 Corybantia
1762 852 1807 888 et

236 923 598 965 iocundissimum
628 923 714 964 illic
743 923 926 965 nutricis
956 938 1060 965 suae
1089 924 1281 965 odorem.
1344 923 1501 964 Nonne
1530 923 1649 964 omni
1679 923 1802 978 Capi-
1827 941 1869 965 10

237 1000 343 1041 tolio
382 999 605 1041 tumulum
642 1000 765 1041 illum
804 1014 933 1041 suum
971 1000 1307 1056 praeposuisset,
1348 1005 1399 1041 ut
1437 1015 1486 1041 ea
1524 1000 1672 1055 potius
1710 999 1804 1041 orbi

236 1081 379 1118 terrae
426 1076 706 1131 praecelleret
755 1091 868 1131 quae
917 1076 1080 1118 cineres
1129 1076 1248 1118 Iouis
1297 1076 1437 1118 texit?
1500 1076 1642 1117 Vellet
1690 1076 1803 1117 Iuno

236 1152 449 1193 Punicam
490 1151 643 1193 urbem
683 1152 940 1207 posthabita
981 1152 1112 1194 Samo
1152 1153 1359 1194 dilectam
1400 1152 1455 1194 ab
1496 1152 1802 1193 Aeneadarum

235 1234 366 1284 gente
397 1228 556 1270 deleri?
621 1228 749 1278 Quod
780 1228 914 1269 sciam

1139 1299 1207 1340 hic
1237 1299 1352 1340 illius
1382 1313 1518 1348 arma,
1825 1309 1865 1342 Ι5

404 1368 489 1409 Hic
520 1382 671 1409 currus
701 1367 799 1418 fuit,
834 1368 916 1409 hoc
945 1382 1128 1424 regnum
1159 1368 1241 1410 dea
1272 1368 1477 1424 gentibus
1509 1383 1612 1418 esse,

406 1438 449 1480 Si
477 1453 565 1493 qua
593 1438 687 1479 fata
715 1438 876 1488 sinant,
906 1438 995 1479 iam
1023 1444 1119 1480 tum
1148 1439 1381 1493 tenditque
1408 1439 1631 1493 fouetque.

236 1507 392 1549 Misera
425 1508 499 1549 illa
533 1508 724 1549 coniunx
758 1508 878 1549 Iouis
912 1514 956 1550 et
988 1523 1109 1550 soror
1142 1508 1353 1550 aduersus
1386 1508 1482 1550 fata
1514 1523 1603 1550 non
1636 1508 1800 1550 ualuit!

236 1578 372 1619 Plane

744 1647 857 1689 Fato
889 1653 982 1689 stat
1013 1648 1184 1703 Iupiter
1213 1648 1318 1703 ipse.
1823 1661 1870 1684 20

236 1723 326 1764 Nec
348 1729 527 1765 tantum
548 1729 698 1765 tamen
721 1723 896 1765 honoris
918 1723 1021 1765 fatis
1043 1724 1234 1766 Romani
1256 1724 1517 1765 dicauerunt
1538 1723 1801 1765 dedentibus

235 1800 316 1841 sibi
338 1799 647 1855 Carthaginem
668 1799 879 1841 aduersus
900 1800 1173 1841 destinatum
1195 1806 1440 1855 uotumque
1460 1800 1642 1841 Iunonis
1663 1814 1799 1854 quan-

234 1882 331 1918 tum
369 1877 759 1931 prostitutissimae
795 1876 925 1932 lupae
963 1877 1239 1918 Larentinae.
1302 1878 1452 1919 Plures
1490 1877 1594 1919 deos
1631 1883 1802 1919 uestros

234 1967 436 2008 regnasse
459 1958 627 1994 certum
651 1958 730 1994 est.
792 1953 934 2007 Igitur
956 1953 990 1994 si
1014 1953 1264 1994 conferendi
1287 1953 1457 2008 imperii
1480 1959 1634 1995 tenent
1657 1959 1798 2009 potes-

235 2034 389 2078 tatem,
419 2042 519 2069 cum
545 2028 627 2083 ipsi
654 2034 900 2083 regnarent,
929 2043 954 2069 a
982 2029 1144 2083 quibus
1169 2035 1431 2084 acceperant
1457 2044 1554 2070 eam
1581 2030 1796 2084 gratiam?
1823 2044 1864 2075 25

236 2104 375 2154 Quem
410 2105 605 2146 coluerat
639 2104 854 2146 Saturnus
890 2110 934 2146 et
968 2105 1163 2159 Iupiter?
1227 2105 1444 2160 Aliquem,
1481 2105 1648 2160 opinor,
1685 2105 1798 2147 Ster-

235 2181 395 2222 culum.
457 2180 542 2222 Sed
573 2186 726 2235 postea
759 2181 949 2222 Romani
982 2195 1081 2222 cum
1112 2181 1327 2236 indigenis
1358 2182 1459 2231 suis,
1493 2182 1627 2223 etiam
1659 2182 1693 2222 si
1725 2182 1799 2236 qui

234 2271 322 2297 non
378 2258 700 2312 regnauerunt?
764 2257 929 2297 Tamen
986 2258 1285 2313 regnabantur
1340 2257 1395 2299 ab
1453 2258 1547 2299 aliis
1602 2258 1798 2299 nondum

235 2332 476 2374 cultoribus
500 2333 601 2382 suis,
628 2338 679 2374 ut
703 2333 778 2387 qui
802 2333 1000 2374 nondum
1026 2333 1095 2374 dei
1120 2333 1412 2375 habebantur.
1474 2334 1589 2389 Ergo
1614 2334 1798 2375 aliorum

235 2413 301 2448 est
334 2422 516 2463 regnum
550 2408 666 2458 dare,
704 2408 806 2462 quia
840 2408 1109 2463 regnabatur
1142 2409 1283 2450 multo
1317 2415 1421 2451 ante
1455 2424 1589 2464 quam
1622 2410 1695 2451 isti
1729 2410 1799 2452 dei
1819 2427 1863 2459 30

232 2483 541 2524 inciderentur.
603 2483 687 2525 Sed
711 2499 845 2539 quam
869 2499 1034 2526 uanum
1058 2490 1125 2526 est
1147 2484 1373 2539 fastigium
1397 2485 1587 2526 Romani
1610 2485 1799 2527 nominis

233 2559 528 2614 religiositatis
558 2559 724 2600 meritis
753 2559 979 2614 deputare,
1012 2547 1111 2601 cum
1142 2566 1243 2615 post
1270 2561 1503 2615 imperium
1532 2561 1624 2601 siue
1653 2561 1799 2603 adhuc

233 2649 415 2690 regnum
447 2635 593 2690 religio
626 2635 872 2689 profecerit.
934 2636 1025 2691 Age
1056 2636 1158 2686 iam,
1194 2636 1323 2677 rebus
1355 2636 1501 2691 religio
1534 2636 1793 2691 profecerit?

235 2711 350 2753 Nam
373 2712 452 2753 etsi
473 2727 499 2753 a
520 2712 667 2753 Numa
688 2718 901 2768 concepta
923 2719 989 2755 est
1010 2713 1239 2755 curiositas
1259 2713 1576 2769 superstitiosa,
1600 2714 1797 2756 nondum

233 2793 384 2829 tamen
418 2793 497 2828 aut
531 2787 774 2829 simulacris
807 2794 887 2830 aut
921 2789 1097 2844 templis
1131 2803 1198 2829 res
1232 2788 1383 2830 diuina
1417 2789 1536 2844 apud
1572 2789 1798 2832 Romanos
1818 2808 1860 2840 35

235 2862 483 2904 constabat.
545 2863 675 2919 Frugi
708 2863 855 2919 religio
888 2870 933 2906 et
964 2878 1178 2919 pauperes
1209 2864 1320 2905 ritus
1352 2869 1398 2906 et
1429 2864 1548 2905 nulla
1582 2864 1797 2919 Capitolia
