1975 3306
148 143 192 184 p.
219 130 271 170 34
294 128 321 171 1.
348 129 419 182 21]
677 129 1124 172 APOLoGETICVs
1158 132 1183 172 9
1631 131 1713 171 207

150 244 261 285 med.
276 247 311 297 (1
328 247 501 286 301-2
517 244 608 298 Μ.).
645 244 802 286 Iulian.
818 260 858 301 p.
874 247 916 286 90
933 244 1060 298 (with
1077 244 1259 298 sisters).
1299 244 1475 299 [Ps.-Au
1482 259 1521 301 g.
1536 244 1716 297 Quaest.

150 314 248 356 Veh.
271 321 315 356 et
338 313 451 356 Nou.
474 315 592 356 Test.
620 329 686 356 no.
713 317 795 356 115
823 314 842 371 ξ
865 317 930 357 19.
980 315 1034 357 A.
1057 314 1119 369 S.]
1182 315 1314 356 Thdt.
1344 314 1417 356 Gr.
1446 315 1517 356 aff.
1543 330 1629 357 our.
1660 326 1714 356 ΙΙΙ

143 381 185 440 §ss
209 385 276 433 37,
299 385 366 433 96,
390 384 457 426 97.
509 383 824 439 ἀδελφομιξία,
850 384 982 426 Basil.
1012 384 1091 441 Ep.
1122 383 1203 426 217
1228 399 1321 426 can.
1348 386 1402 426 65
1428 384 1495 426 75.
1558 384 1716 426 Euseb.

149 453 302 509 Praep.
332 454 411 494 Eu.
440 464 489 494 VI
521 455 575 495 10
597 455 666 495 46.
728 453 947 510 Bingham
978 465 1083 494 XXII
1119 457 1139 495 1
1172 456 1212 495 4.
1273 453 1401 510 Greg.
1428 453 1559 510 Nyss.
1584 468 1618 495 c.
1641 454 1716 496 fab.

146 523 320 580 (Migne
344 523 389 565 P.
411 523 463 565 G.
485 534 580 564 XLV
602 523 680 564 col.
703 522 787 565 170
805 527 866 576 Α).
927 524 1091 580 Agath.
1113 535 1148 565 ΙΙ
1174 526 1228 565 24
1250 539 1311 580 ΡΥ.
1734 544 1753 575 5

236 609 274 650 p.
299 595 355 635 34
377 594 404 635 1.
427 593 479 636 17
503 604 809 635 TRAGOEDIAM
836 594 1037 636 Lactant.
1059 594 1162 636 Diu.
1184 594 1294 636 Inst.
1316 605 1366 635 VI
1390 596 1445 636 20
1467 592 1506 651 ἐξ
1529 597 1595 645 23,
1618 597 1685 637 28.

238 680 279 721 p.
310 667 366 706 34
398 665 424 705 l.
458 666 511 706 19
544 664 599 705 ἃᾶ
630 671 722 706 nat.
756 676 771 705 Ι
808 666 859 706 16
897 680 938 721 p.
970 664 1023 706 87
1061 664 1087 706 l.
1121 664 1143 706 7
1180 664 1308 706 WViss.
1349 666 1545 720 respicite
1579 665 1716 721 iqitur

147 734 328 776 luxuria
355 735 467 776 inter
495 749 660 777 errores
689 740 727 776 et
756 740 899 776 uentos
918 735 1170 789 fluctuante,
1192 735 1232 776 si
1257 735 1407 777 desunt
1426 736 1592 791 populi,
1614 751 1715 792 quos

145 804 208 846 aol
229 804 302 846 hoc
323 804 495 846 sceleris
516 805 732 846 incursent
755 804 848 846 lata
870 805 990 846 uada
1012 810 1050 846 et
1072 819 1230 859 aspera
1251 806 1425 847 erroris.
1485 807 1528 846 in
1551 807 1715 862 primis

148 890 245 917 cum
285 874 474 930 infantes
514 880 677 916 uestros
719 874 887 916 alienae
928 874 1252 916 misericordiae
1302 876 1511 931 exponitis
1552 882 1627 919 aut
1667 877 1712 918 in
1735 897 1778 920 10

146 945 420 1001 adoptionem
448 944 696 986 melioribus
715 944 980 1000 parentibuS,
1004 944 1310 986 obliuiscimini
1338 951 1499 1001 quanta
1528 947 1715 988 materia

148 1015 297 1056 incesti
324 1014 712 1063 sumministratur,
734 1021 897 1070 quanta
925 1014 1088 1057 occasio
1118 1015 1285 1057 casibus
1311 1017 1538 1071 aperitur?
1599 1017 1715 1073 Aug.

150 1085 230 1141 Ep.
249 1087 303 1127 23
326 1087 421 1140 (98)
443 1085 498 1127 ἃᾶ
521 1084 710 1127 Bonifat.
732 1089 787 1139 (ΙΙ
806 1084 933 1140 266³)
955 1085 1191 1142 aliquando
1213 1087 1343 1128 etiam
1364 1102 1464 1142 quos
1486 1087 1716 1130 crudeliter

146 1162 347 1211 parentes
379 1161 660 1211 eoeposuerunt
693 1156 944 1197 nutriendos
981 1171 1009 1197 a
1040 1156 1302 1212 quibuslibet,
1336 1172 1655 1213 nonnumquam
1687 1174 1715 1200 a

146 1227 286 1268 sacris
308 1225 549 1281 uir-qinibus
570 1226 834 1281 colliquntur
854 1232 892 1268 et
914 1226 965 1267 ab
988 1227 1048 1268 eis
1070 1227 1307 1282 offeruntur
1329 1227 1388 1269 ad
1409 1227 1679 1284 baptismum.
1735 1250 1776 1281 15

238 1312 277 1353 p.
311 1298 367 1338 34
404 1296 431 1337 1.
463 1298 518 1338 20
560 1308 857 1338 PASSIVITATE
898 1297 1308 1353 promiscuousness,
1351 1298 1505 1356 roving
1544 1306 1714 1342 nature.

151 1367 219 1408 De
243 1366 339 1409 Cor.
361 1365 494 1409 Milit.
516 1368 541 1407 8
563 1381 605 1422 p.
626 1381 683 1407 m.
699 1365 944 1408 huiusmodi
965 1368 1199 1422 quaestioni
1216 1368 1276 1409 sic
1297 1368 1452 1424 ubique
1472 1370 1714 1426 respondeo,

151 1438 380 1480 admittens
408 1437 579 1493 quidem
606 1437 855 1479 utensilium
884 1438 1228 1488 communionem,
1251 1439 1323 1480 sed
1348 1454 1590 1495 prouocans
1620 1456 1716 1482 eam

153 1509 211 1550 ad
242 1507 530 1550 rationalium
562 1512 599 1549 et
628 1507 959 1549 irrationalium
990 1507 1314 1558 distinctionem,
1346 1510 1449 1565 quia
1479 1511 1716 1565 passiuitas

139 1579 275 1635 fallit
317 1578 570 1620 obumbrans
605 1578 892 1633 corruptelam
935 1579 1202 1621 conditionis.
1262 1579 1378 1622 Adu.
1415 1580 1622 1638 Hermog.
1658 1584 1711 1623 41
1734 1602 1778 1624 20

152 1665 194 1706 p.
224 1649 307 1690 170
338 1648 363 1689 l.
393 1649 447 1689 22
476 1647 552 1689 Kr.
580 1647 681 1690 haec
712 1648 878 1703 inquies
908 1663 990 1689 non
1022 1654 1091 1699 est,
1123 1649 1225 1691 haec
1256 1649 1516 1691 turbulentia
1548 1657 1586 1693 et
1611 1666 1714 1706 pas-

151 1719 305 1761 siuitas
334 1733 417 1760 non
444 1724 513 1768 est,
542 1718 615 1760 sed
643 1718 880 1760 moderatio
909 1724 946 1761 et
974 1719 1181 1761 modestia
1209 1726 1248 1762 et
1274 1720 1444 1762 iustitia
1472 1722 1715 1763 motationis

151 1795 349 1831 neutram
375 1788 422 1829 in
450 1794 619 1844 partem
647 1788 912 1830 inclinantis.
974 1787 1094 1830 Salu.
1115 1800 1184 1830 VII
1214 1787 1234 1846 ξ
1257 1792 1309 1832 16
1341 1790 1481 1839 immo,
1508 1797 1714 1845 quantum

152 1858 212 1900 ad
233 1857 531 1914 passiuitatem
554 1857 747 1899 libidinis
765 1858 959 1913 pertinet,
978 1858 1072 1913 quis
1088 1874 1171 1900 non
1187 1859 1404 1913 coniuqem
1421 1859 1468 1900 in
1488 1874 1714 1901 numerum

150 1928 417 1970 ancillarum
457 1927 651 1982 redeqit?
711 1925 730 1984 ξ
766 1929 819 1968 18
858 1933 981 1982 atque
1017 1928 1100 1977 illi,
1134 1928 1186 1970 de
1221 1928 1369 1983 quibus
1410 1929 1511 1971 haec
1551 1930 1714 1985 scripta
1733 1948 1776 1981 25

151 1998 344 2053 leqimus,
370 2003 407 2039 et
437 1998 603 2039 minore
622 1996 816 2052 fortasse
848 1997 1028 2039 crimine
1057 2003 1096 2039 et
1127 1998 1301 2048 minore,
1330 2004 1376 2039 ut
1404 2013 1509 2048 reor,
1540 2014 1713 2042 numero

152 2069 386 2111 criminum
435 2082 485 2109 ac
528 2068 787 2123 passiuitate
834 2068 1072 2123 peccabant.
1119 2067 1313 2110 Oehler's
1361 2069 1450 2110 ind.
1498 2081 1713 2112 PASSIVVS

152 2138 352 2192 (PANDO)
383 2136 437 2178 ἃᾶ
470 2142 559 2178 nat.
594 2148 629 2177 ΙΙ
664 2139 686 2177 1
713 2137 737 2178 f.
802 2136 869 2178 De
902 2137 1149 2193 Monogam.
1184 2139 1208 2179 6
1246 2152 1308 2193 pr.
1340 2138 1395 2179 ad
1428 2139 1558 2180 onr.
1590 2151 1606 2180 Ι
1640 2142 1663 2181 2
1688 2141 1714 2182 f.

154 2208 286 2251 Cone.
317 2206 468 2250 Carth.
500 2209 522 2247 1
558 2221 592 2248 c.
625 2206 662 2248 7.

243 2278 375 2333 Apul.
403 2276 583 2318 Metam.
612 2288 663 2317 IX
691 2290 732 2332 p.
762 2278 858 2326 202,
900 2288 950 2317 VI
976 2279 1042 2318 10.
1103 2277 1154 2318 cf.
1183 2292 1225 2318 n.
1254 2278 1362 2318 from
1391 2277 1507 2321 Tert.
1540 2279 1594 2320 ἃᾶ
1622 2286 1713 2322 nat.
1732 2300 1777 2332 30

155 2359 173 2388 Ι
204 2349 257 2389 16
280 2348 307 2388 f.
335 2346 507 2401 (Journ.
529 2345 641 2386 Phil.
662 2356 730 2386 XX
761 2344 865 2399 279)
892 2361 918 2386 a
939 2345 1191 2402 kidnapped
1212 2346 1297 2402 boy
1319 2346 1411 2388 sold
1432 2347 1478 2388 in
1500 2348 1606 2390 Asia
1626 2350 1712 2391 and

153 2417 306 2473 finally
327 2416 519 2472 brought
546 2421 592 2457 to
621 2414 697 2456 the
727 2414 897 2456 Roman
929 2415 1099 2457 market
1130 2416 1215 2457 and
1247 2416 1416 2473 bought
1442 2417 1500 2473 by
1522 2418 1589 2460 his
1617 2434 1710 2460 own

156 2487 312 2528 father.
364 2485 479 2527 Socr.
502 2484 559 2525 H.
577 2484 623 2526 E.
647 2496 663 2525 Ι
688 2486 741 2525 18
763 2482 783 2540 ξ
806 2483 828 2525 7
848 2484 978 2526 wives
1000 2499 1198 2526 common
1220 2492 1439 2542 property.
1491 2488 1713 2546 Exposing

156 2556 352 2598 children
374 2570 501 2596 cause
530 2555 578 2596 of
600 2554 752 2604 incest,
779 2553 876 2595 infr.
899 2556 952 2596 39
975 2569 1016 2610 Ρ.
1034 2557 1116 2595 112
1140 2555 1165 2596 l.
1189 2557 1244 2595 24
1265 2570 1305 2597 n.
1367 2556 1527 2599 Iustin.
1547 2558 1674 2614 Apol.
1695 2571 1711 2600 Ι

155 2641 190 2668 o.
222 2626 274 2667 27
305 2640 344 2682 Ρ.
377 2625 460 2674 708,
489 2639 523 2666 o.
552 2626 605 2665 29
638 2639 701 2680 pr.
730 2639 771 2679 p.
802 2622 891 2666 71d.
951 2624 1114 2666 Minue.
1146 2627 1201 2667 30
1231 2624 1251 2682 ξ
1283 2628 1321 2667 2.
1361 2627 1414 2667 31
1449 2626 1468 2682 ξ
1499 2629 1537 2669 3.
1598 2628 1711 2671 Rein
1730 2638 1774 2671 35

157 2694 404 2738 Criminalr.
426 2695 508 2734 441
533 2708 595 2748 sq.
656 2692 885 2748 Dollinger
906 2693 1211 2735 Heidenthum
1234 2709 1275 2735 u.
1292 2694 1321 2736 J
1324 2695 1505 2737 udenth.
1528 2696 1712 2740 716—7.

152 2765 162 2777 ‘
245 2779 286 2820 p.
318 2765 374 2804 34
405 2763 431 2803 1.
464 2764 514 2803 21
550 2772 884 2802 MISERICORDIA
919 2762 1096 2804 Paullus
1128 2762 1175 2803 in
1205 2763 1291 2819 dig.
1322 2775 1424 2805 xxv
1453 2766 1478 2806 3
1506 2768 1533 2806 4
1563 2781 1713 2810 necare

157 2834 331 2875 uidetur
351 2847 433 2874 non
460 2837 627 2873 tantum
655 2831 693 2872 is
721 2831 795 2886 qui
822 2837 999 2886 partum
1021 2832 1259 2888 praefocat,
1280 2833 1354 2875 sed
1373 2839 1412 2875 et
1431 2834 1470 2875 is
1491 2835 1566 2889 qui
1586 2836 1714 2879 abicit
